2838 4673
462 235 607 334 194
658 230 851 304 CAr.
918 199 1010 304 ‘V
1088 153 1371 300 T'lzeor.
1430 223 1506 334 ,L
1568 223 1818 298 Elem.
1883 216 2208 316 eiusque
2282 183 2636 301 consent,

448 501 451 506 -
559 521 573 534 ,
696 455 911 524 Cadat
953 441 1216 536 primo,
1278 455 1334 519 si
1378 451 1529 517 fieri
1571 460 1838 532 potest,
1901 447 1972 512 in
2019 443 2109 532 C3
2155 457 2234 512 ut
2275 443 2416 512 sint
2462 442 2636 537 duae

457 523 657 676 κῗέθ]
678 577 909 632 rectae
956 573 1119 647 CA,
1183 545 1301 628 CB
1350 557 1728 643 aequaliter
1790 557 1874 624 ad
1911 555 2048 624 AB
2116 552 2526 639 inclinatae,
2572 567 2642 622 et

680 675 819 744 AG
898 675 1119 754 major
1196 671 1349 742 BC.
1455 670 1546 738 Et
1595 689 1634 735 a
1693 666 1962 764 majori·
1997 665 2140 734 AC
2197 663 2640 733 abscindatur

459 795 523 861 A
557 790 617 858 E
680 781 981 868 aequalis
1046 781 1175 850 BC
1201 834 1217 863 ‚
1296 794 1369 849 et
1402 781 1740 864 jungatur
1775 777 1930 848 BE.
2035 776 2384 868 Quoniam
2429 775 2642 857 igitur
2734 803 2742 814 ·
2782 733 2785 748 Ι

462 903 638 970 duae
686 896 860 979 EA,
908 893 1043 960 AB
1080 887 1342 961 duabus
1392 891 1546 976 CB,
1592 891 1734 959 BA
1777 883 2099 971 aequales
2162 899 2360 973 sunt,
2408 897 2476 952 et
2521 907 2644 952 an·-

465 1011 665 1096 gulus
707 1003 918 1074 EAB
966 989 1229 1085 angulo
1264 1003 1497 1072 CBA:
1545 1023 1671 1085 per
1713 1002 1912 1085 pr'op.
1951 1000 2103 1066 llam
2147 999 2283 1066 erit
2321 1009 2390 1063 et
2431 996 2645 1062 trian-

468 1120 705 1206 gulum
748 1113 967 1182 EAB
1016 1103 1298 1196 ae'quale
1346 1111 1689 1193 triangulo
1749 1109 1984 1196 CAB,
2033 1095 2205 1193 pa'rsr
2239 1109 2404 1192 t‘oti,
2463 1105 2646 1192 quod

464 1231 625 1316 fieri
676 1225 933 1308 nequit.
1038 1223 1201 1290 Non
1264 1241 1435 1304 ergo
1485 1234 1817 1306 punctum
1859 1220 1920 1286 D
1977 1219 2228 1288 eadere
2281 1229 2518 1304 potest
2578 1221 2650 1287 in

481 1345 711 1425 ipsum
754 1332 1088 1419 punctum
1134 1332 1210 1400 C.

560 1479 594 1535 ‘.
784 1445 939 1514 Nec
981 1441 1160 1510 ultra
1208 1442 1261 1509 C
1304 1425 1570 1510 eadere¹
1597 1453 1827 1525 potest
1868 1452 2199 1524 punctum
2239 1439 2345 1528 Dz,
2390 1452 2468 1507 ut
2509 1439 2682 1520 sint,

509 1523 659 1596 qu.
702 1566 935 1622 rectae
982 1554 1154 1638 CA,
1204 1551 1329 1618 DB
1391 1550 1767 1637 aequaliter
1823 1547 1906 1616 ad
1953 1547 2086 1615 AB
2145 1547 2534 1632 inclinatae,
2583 1562 2650 1617 et

470 1617 675 1752 ¹05⁹?
713 1665 847 1732 AC
894 1663 1113 1742 major
1158 1660 1319 1732 DE,
1409 1660 1510 1729 Sit
1551 1661 1733 1728 enim
1796 1661 1914 1744 ita,
1962 1660 2019 1727 si
2065 1660 2214 1726 fieri
2271 1670 2532 1742 potest:
2583 1671 2650 1726 et

395 1804 407 1814 “
476 1796 514 1843 a
558 1775 802 1855 majori
845 1772 983 1841 AC
1031 1771 1476 1840 abscindatur
1518 1770 1661 1836 ΑΕ
1709 1767 2009 1853 aequalis
2029 1767 2204 1859 BD3
2237 1770 2654 1851 jungantur-

474 1908 609 1969 que
654 1886 822 1967 AD,
884 1883 1040 1950 BE.
1130 1881 1220 1946 Et
1280 1881 1436 1963 quia
1482 1880 1656 1948 duae
1702 1879 1892 1965 EA,
1959 1877 2098 1946 AB
2165 1879 2428 1948 duabus
2489 1879 2651 1965 DB,
2711 1909 2738 1916 -

391 2001 397 2006 '
478 1995 615 2062 BA
675 1990 995 2076 aequales
1075 2002 1253 2070 sunt,
1318 2000 1389 2054 et
1451 1987 1742 2070 angulus
1801 1965 2011 2056 EAB
2067 1970 2319 2072 angulo
2383 1973 2651 2058 DBA‘:

480 2123 607 2186 per
679 2124 875 2184 prop.
941 2102 999 2166 4.
1069 2101 1200 2164 erit
1254 2097 1676 2193 triangulum
1731 2098 1948 2165 EAB
2017 2098 2358 2180 triangulo
2432 2097 2656 2167 DAB
2729 2180 2737 2186 ,

482 2211 791 2294 aequale,
838 2231 997 2292 pars
1046 2209 1209 2274 toti:
1261 2207 1444 2289 quod
1483 2207 1632 2274 fieri
1683 2211 1938 2292 nequit.
2009 2207 2172 2276 Non
2215 2230 2382 2290 ergo
2425 2219 2659 2292 potest

476 2333 809 2405 punctum
858 2320 914 2387 D
968 2315 1148 2384 ultra
1195 2317 1246 2383 C
1291 2317 1585 2387 cadere:
1651 2329 1720 2387 et
1765 2331 2120 2387 ostensum
2151 2331 2276 2405 est,
2313 2316 2491 2402 quod
2524 2338 2659 2385 neo

2737 11 2780 216 l

476 2431 549 2498 in
602 2433 828 2515 ipsum
888 2440 1218 2511 punctum
1265 2426 1339 2495 C.
1451 2428 1650 2510 Ergo
1697 2429 1873 2496 citra
1917 2430 1970 2496 C
2011 2428 2242 2525 cadet:
2289 2426 2471 2514 quod
2511 2438 2664 2509 erat
2740 2476 2752 2481 -

484 2537 1011 2608 ostendendum.·
1818 2613 1824 2618 q

654 2648 884 2740 Quam
931 2648 1634 2739 demonstrationem,
1690 2622 1835 2717 ¹etsi
1897 2648 2235 2717 indirecta
2282 2650 2368 2719 sit
2415 2661 2483 2717 et
2543 2647 2666 2716 ali-

406 2832 413 2839 ,
484 2770 739 2843 quanto
778 2754 1078 2839 longiori
1112 2758 1403 2825 circuitu
1444 2770 1644 2839 egeat
1677 2762 1922 2846 (utitur
1948 2772 2174 2829 autem
2198 2760 2438 2827 eadem
2461 2780 2669 2839 argu·

483 2869 903 2936 mentatione
946 2866 1119 2947 fere,
1168 2888 1298 2951 qua
1341 2865 1672 2935 Euclidea
1716 2872 1867 2936 6tae
1915 2871 2134 2961 l.mi)·⁷
2199 2884 2427 2939 tamen
2465 2886 2670 2952 prae‘-

485 2976 1046 3045 te'rmittereboe
1106 2974 1258 3042 loeo
1292 2975 1672 3063 noluimus,
1717 3001 1826 3044 ner
1853 3002 1944 3047 ex
1999 2982 2312 3049 omnibus
2357 2980 2672 3047 Theore·

396 3139 401 3145 .
483 3090 687 3169 matis
749 3086 1128 3171 superioris
1192 3086 1462 3154 casibus
1531 3085 1646 3153 hic
1705 3086 1890 3157 solus
1935 3088 2211 3159 deesset
2255 3102 2373 3157 aut
2415 3091 2673 3172 imper-

484 3196 707 3265 fectus
744 3208 1076 3264 maneret.
1181 3195 1317 3265 Sed
1353 3196 1427 3263 in
1459 3194 1592 3291 llis,
1639 3197 1970 3280 quaejam
2011 3212 2414 3285 sequuntur,
2463 3200 2672 3268 istam

494 3306 793 3373 Casuum
838 3307 1244 3374 varietatem
1290 3308 1614 3388 persequi
1659 3308 2212 3391 supersedemus.
2521 3350 2562 3385 s

584 3477 615 3487 ,
653 3414 1259 3485 Theoremati
1306 3415 1520 3499 igitur
1569 3414 1810 3486 XXX.
1860 3428 1954 3510 (§.
1999 3422 2152 3505 67.)
2207 3418 2343 3489 hoc
2385 3440 2680 3504 respon-

433 3525 443 3533 ’
494 3525 721 3598 debit:
1360 3553 1365 3565 “

657 3638 726 3705 Si
788 3636 922 3703 duo
973 3633 1317 3716 triangula
1344 3682 1358 3693 ‚
1386 3636 1730 3704 communi
1775 3637 1924 3707 basi
1987 3638 2072 3705 ad
2119 3637 2398 3707 easdem
2441 3648 2681 3722 partes

431 3781 441 3787 -
491 3747 911 3827 insistentia,
961 3745 1043 3813 ad
1104 3744 1377 3811 diversa
1423 3744 1606 3814 basis
1645 3730 1984 3818 ‘extrei‘na
2033 3746 2359 3829 angulum
2407 3746 2688 3833 quidem

498 3853 752 3938 angulo
820 3853 1198 3939 aequalem,
1244 3853 1369 3922 sed
1433 3853 1610 3925 latus
1668 3855 1868 3926 lateri
1923 3857 2283 3943 inaequale
2337 3857 2680 3944 habeant:

518 4174 529 4205 Ι
