2838 4673
1581 83 1590 141 ff

753 243 1293 366 Theonmatd
1336 289 1870 366 consectaria.
2281 286 2386 384 -57

393 516 507 586 Ad
560 514 729 584 talia
776 515 987 598 igitur
1039 513 1173 598 duo
1228 509 1573 614 triangula
1629 511 1980 596 applicata
2010 511 2384 596 propositio
2471 595 2478 600 .
2577 518 2584 522 ’

226 638 473 712 quarta
542 625 657 696 ad
704 625 1137 710 sequentium
1216 622 1786 700 enuntiationem
1853 621 2390 693 'theorematum
2511 705 2515 712 ¹
2584 635 2598 648 ⁵

226 734 549 806 deducet.
985 763 1029 783 --
1208 727 1251 816 ’ς

1187 878 1248 963 5
1324 817 1438 941 32.

355 1007 882 1100 Theoi-ema
926 1006 980 1076 1.
1027 1005 1095 1077 Si
1140 1003 1345 1080 duae
1358 1007 1593 1082 rectae
1641 1004 1961 1090 angulum
1991 1027 2179 1078 com·

230 1115 737 1205 prehendentes
782 1117 919 1188 sint
961 1115 1316 1204 aequale8‚
1392 1130 1466 1191 et
1527 1140 1618 1192 ex
1663 1139 1896 1194 earum
1941 1129 2168 1186 extre·
2215 1078 2365 1238 ᾖξ’

224 1229 377 1304 mis
401 1227 487 1295 ad
532 1239 919 1296 extremum
960 1238 1191 1294 rectae
1236 1225 1427 1294 illurn
1485 1225 1810 1314 angulum
1857 1222 2169 1324 bifariam

84 1357 103 1366 “
220 1337 529 1406 secantis
588 1335 924 1406 ducantur
988 1320 1185 1404 duae
1206 1350 1480 1406 rectae·
1557 1358 1678 1404 eae
1738 1333 1920 1406 inter
1961 1358 2036 1406 se
2083 1330 2398 1424 aequales

58 3736 69 3745 ·
165 3761 189 3775 2
224 3694 489 3813 fierm
551 3702 651 3811 (εκ
711 3722 847 3766 &mv
908 3708 979 3763 et
1036 3702 1101 3765 δι

228 1458 511 1532 erunt,
538 1458 608 1515 et
664 1442 998 1538 aequalia
1014 1447 1481 1514 terminabunt
1524 1413 1907 1534 triangula,
1968 1435 2045 1512 et
2092 1467 2248 1517 cum
2291 1464 2402 1510 re-

219 1558 355 1626 ctis
402 1553 793 1642 aequalibus
836 1551 1158 1650 aequales
1200 1555 1461 1626 facient
1505 1553 1827 1642 angulos,
1899 1539 2199 1666 itemque
2243 1576 2404 1634 cum

223 1679 423 1735 reeta
463 1659 790 1744 angulum
836 1663 1150 1732 bifa1ia1n
1194 1659 1498 1729 secante.
1912 1689 1919 1697 ’

396 1773 546 1839 Sint
590 1771 773 1835 enim
860 1767 1033 1845 duae
1090 1781 1325 1839 rectae
1370 1764 1691 1852 aequales
1734 1770 1800 1838 A
1829 1767 1924 1838 Β,
1971 1774 2036 1838 A
2081 1772 2174 1842 C
2223 1792 2412 1848 com-

196 1876 739 1968 xprehendentes
816 1874 1143 1959 angulum
1199 1873 1253 1944 B
1303 1877 1369 1943 A
1421 1875 1514 1961 C,
1605 1898 1803 1966 quem
1865 1875 2178 1944 bifariam
2219 1889 2411 1946 secet

220 1998 423 2058 recta
482 1991 547 2052 A
584 1985 685 2074 D3
701 1987 800 2066 et
842 1985 925 2052 ab
972 1981 1240 2057 illarum
1284 1985 1615 2056 extremis
1662 1985 1754 2065 B,
1791 1969 1859 2054 C
1908 1987 1993 2058 ad
2037 1985 2237 2068 hujus
2282 2006 2410 2061 ex-

196 2110 522 2174 *tremum
581 2095 640 2187 D
699 2093 1038 2166 ducantur
1085 2093 1263 2172 duae
1329 2108 1564 2166 rectae
1609 2095 1664 2168 Β
1707 2099 1806 2176 D,
1857 2095 1911 2166 C
1951 2095 2047 2166 D:
2097 2094 2250 2166 dico
2294 2119 2405 2178 re-

230 2213 377 2276 ctas
419 2197 473 2274 Β
510 2204 615 2289 D,
676 2203 752 2270 C
767 2205 826 2296 D
885 2204 1067 2272 inter
1124 2225 1210 2274 se
1252 2203 1577 2298 aequales
1643 2227 1838 2296 esse3
1907 2219 1974 2276 et
2032 2208 2403 2276 terminare

226 2313 538 2403 aequalia
610 2297 950 2423 triangula
1012 2316 1077 2380 A
1126 2313 1179 2382 B
1226 2314 1326 2401 D,
1403 2317 1469 2389 A
1527 2316 1580 2383 C
1632 2316 1737 2403 D3
1819 2328 1893 2388 et
1950 2315 2181 2391 facere
2244 2343 2402 2389 cum

228 2413 626 2511 aequalibus
690 2418 914 2493 rectis
962 2428 1023 2498 A
1071 2424 1163 2509 Β,
1208 2424 1275 2499 A
1317 2425 1371 2492 C
1417 2418 1745 2509 aequales
1787 2424 2076 2513 angulos
2121 2430 2184 2495 A
2223 2428 2272 2497 Β
2313 2428 2400 2517 D,

183 2538 293 2607 ”Α
334 2538 388 2604 C
419 2530 528 2636 D3
586 2534 885 2619 itemque
946 2556 1107 2607 cum
1161 2548 1355 2621 recta
1416 2534 1778 2619 angulum.
1809 2536 1862 2623 Β
1894 2541 1952 2605 Α
1993 2538 2046 2606 C
2093 2538 2407 2625 bifariam

154 2670 161 2686 ¹
225 2656 512 2717 secante
555 2641 621 2708 A
652 2644 711 2711 D
739 2642 1099 2735 aequales
1116 2643 1404 2739 angulos
1452 2649 1514 2713 A
1555 2647 1608 2715 D
1641 2644 1735 2731 Β,
1784 2648 1847 2716 A
1883 2648 1940 2749 D
1977 2648 2051 2716 C.
2131 2710 2136 2721 ,

396 2753 548 2848 Hoc
594 2754 775 2824 enim
816 2776 942 2841 per
985 2754 1520 2847 applicationem
1558 2779 1760 2851 prop.
1808 2759 1960 2848 (itae
2011 2758 2403 2831 immediate

226 2862 697 2952 consequitur.
771 2872 778 2875 ·

1188 3014 1247 3095 §-
1310 2974 1440 3077 33·
2173 3088 2178 3095 .

396 3135 533 3207 Sed
584 3134 701 3207 hic
755 3137 841 3210 de
899 3140 1223 3234 methodo
1306 3142 1601 3213 docendi
1673 3142 2000 3239 nonnulla
2068 3158 2400 3219 annotare

224 3268 371 3320 non
424 3246 720 3345 alienum
778 3236 929 3319 erit.
1050 3252 1111 3321 Τ
1114 3254 1317 3327 radas
1374 3255 1632 3339 igitur,
1707 3256 1768 3323 si
1821 3256 2084 3339 placet,
2170 3258 2400 3342 tyroni

226 3360 773 3442 propositionem
812 3360 1224 3443 generalem..
1275 3367 1454 3435 sicut
1487 3366 2026 3450 enuntiavimus,
2075 3367 2183 3446 „Si
2225 3366 2400 3435 duae

222 3483 458 3537 rectae
482 3470 809 3553 angulum
828 3473 1534 3571 comprehendentes“
1569 3489 1745 3548 etc:
1793 3490 1939 3546 tum
1969 3475 2084 3545 ille
2107 3464 2402 3558 figuram

226 3580 562 3666 delineet,
614 3596 683 3651 et
726 3586 811 3657 ad
856 3606 1007 3654 eam
1054 3606 1091 3665 e
1194 3578 1560 3655 ositionem
1605 3589 1816 3657 faciat
1860 3608 1942 3657 ae
1987 3586 2401 3703 determina-

1097 3609 1400 3785 {acescit
1479 3659 1845 3771 εοίὲειιειι
1910 3722 2041 3787 quo
2109 3656 2395 3769 ΡιοιΙιιε

226 3768 405 3879 haec
450 3788 782 3905 usurpat3'
847 3805 1005 3881 vid.¹
1033 3800 1562 3903 Chrestomath.
1636 3806 1970 3911 geometr
2029 3834 2186 3900 pag.
2259 3814 2393 3881 168.

228 3900 478 4027 170.)5
516 3919 675 3989 dein
717 3896 1375 4029 demonstrationem
1414 3942 1542 4006 per
1581 3945 1802 4041 prop..
1825 3925 2010 3998 litam
2049 3923 2396 3993 conficiat.
