2838 4673
470 238 603 339 1‘42
638 248 831 352 CAP.
857 247 995 323 IV.
1019 250 1153 325 Ex
1178 242 1705 326 Theorem‘ate
1731 258 1998 350 prim'o
2021 213 2626 332 Elemantorum

1393 567 1472 648 §-.
1548 520 1692 637 1⁸82.
1749 604 1756 614 -

482 793 489 799 .
578 707 733 811 Ad
792 726 1259 815 quaestionem
1309 737 1619 810 quartam
1663 728 1924 813 Capitis
1982 728 2123 800 IIdi
2177 728 2626 801 Theoremati

454 832 733 909 XXIII.
776 840 863 923 (ᾗ.
910 844 1045 921 59.)
1092 836 1265 903 haec
1306 836 1824 939 respondebunt
1863 840 2341 941 Problemata.

446 940 491 959 ”
592 944 979 1015 'Problema
1020 922 1426 1044 XXXVII.
1458 930 1551 1047 fn
1610 948 1779 1017 du'as
1845 953 2071 1019 re'ot'as
2116 951 2456 1034 positione
2501 951 2622 1019 da-

454 1062 559 1127 tas
598 1056 908 1128 incidens
952 1036 1143 1123 recta
1184 1040 1364 1123 linea
1406 1034 1652 1125 faciat
1677 1058 1966 1141 angulos
2019 1059 2318 1130 alternos
2377 1084 2624 1145 aequa-

447 1159 593 1257 les·
640 1180 708 1235 et
738 1168 876 1257 per
914 1167 1112 1233 unius
1168 1154 1448 1233 h'orur'n
1484 1163 1893 1248 angulorum
1933 1173 2264 1241 verticem
2284 1166 2378 1238 et
2421 1184 2624 1239 extra

446 1276 677 1365 i'ps'um
720 1274 1046 1361 angulum
1090 1275 1295 1343 ducta
1341 1278 1432 1343 sit
1477 1274 1609 1343 alia
1648 1292 1838 1347 recta
1869 1281 2049 1348 inter
2080 1281 2246 1350 duas
2280 1281 2619 1365 positione

450 1390 688 1468 datas:
751 1396 1066 1473 oporteat
1127 1398 1213 1482 et·
1257 1406 1347 1451 ex
1406 1371 1684 1454 alterius
1749 1386 2153 1469 angulorum
2201 1390 2620 1459 alternorum

449 1501 711 1597 vertice
772 1478 1762 1579 et‘extra'ipsum‘angulum
1825 1496 2076 1566 ducere
2131 1513 2395 1569 rectam
2437 1501 2617 1571 inter

434 1611 786 1696 'positione
830 1606 1021 1675 datas
1064 1607 1275 1690 priori
1322 1604 1568 1674 ductae
1613 1606 1986 1691 aequalem.

550 1794 565 1807 ·
851 1716 934 1784 ln
973 1714 1163 1807 duas
1164 1727 1412 1811 reetas
1455 1718 1798 1799 positione
1843 1716 2036 1787 datas
2081 1727 2138 1789 A
2177 1728 2269 1805 Β,
2329 1728 2378 1790 C
2406 1732 2468 1791 D
2513 1719 2649 1787 in·-

486 1792 629 1917 ,ΡΨ
683 1826 919 1895 cidens
978 1839 1171 1894 recta
1226 1824 1359 1894 EF
1419 1826 1632 1893 faciat
1693 1826 1980 1907 angulos
2027 1824 2328 1896 alternos
2366 1839 2420 1899 Α
2451 1840 2616 1917 EF,

506 1893 600 1948 71.
685 1937 910 2008 EFD
970 1934 1326 2025 aequales3
1378 1944 1456 2002 et
1513 1916 1639 2019 per
1701 1935 1933 2017 anguli
1985 1940 2048 2007 A
2083 1936 2142 2004 E
2175 1936 2228 2004 F
2281 1938 2616 2006 verticem

442 2040 546 2129 E,
567 2045 719 2113 sed
780 2058 978 2112 extra
1034 2042 1223 2117 illum
1286 2038 1614 2126 angulum
1673 2044 1878 2113 ducta
1922 2046 2012 2114 sit
2055 2046 2232 2113 inter
2274 2048 2621 2131 positione

432 2152 645 2221 '‘tiatas
710 2152 839 2220 alia
901 2154 1090 2231 re'cta
1150 2153 1330 2222 EG·
1395 2134 1712 2238 oporteat
1755 2168 1822 2221 et
1885 2176 1975 2222 ex
2044 2140 2320 2225 alterius
2387 2158 2616 2245 anguli
2690 2201 2751 2221 --

355 2345 363 2353 ἱ
443 2277 502 2335 Ε
531 2267 677 2338 'FD
720 2266 979 2331 vertice
1025 2264 1073 2348 F
1122 2278 1190 2331 et
1236 2276 1437 2331 extra
1493 2262 1677 2334 hune
1738 2264 2063 2366 angulum
2129 2248 2383 2336 ducere
2428 2263 2614 2341 inter

444 2361 783 2470 positione
829 2374 1023 2444 datas
1067 2387 1328 2442 iectam
1374 2375 1725 2479 aequalem
1770 2377 1982 2459 priori
2028 2339 2273 2446 (luctae
2318 2377 2377 2446 E
2405 2381 2489 2448 G.

502 2555 509 2560 ,
608 2487 718 2553 Ab
763 2494 899 2556 EA
966 2464 1408 2553 abscindatur
1433 2482 1510 2550 E
1551 2483 1614 2552 H
1660 2483 1959 2570 aequalis
2005 2486 2054 2554 F
2099 2487 2222 2570 G,
2263 2501 2330 2556 et
2361 2489 2615 2572 junga-

445 2609 559 2714 tur
600 2595 652 2662 F
686 2594 784 2662 H:
831 2616 915 2662 ea
956 2595 1087 2662 erit
1132 2592 1430 2677 aequalis
1476 2591 1534 2660 E
1568 2593 1670 2670 G,
1718 2617 1853 2678 per
1885 2593 1970 2662 El
2034 2619 2229 2688 prop
2280 2599 2339 2666 4.
2653 2593 2660 2606 ’

608 2701 1071 2772 Problema
1112 2701 1530 2772 XXXVIII.
1581 2703 1773 2772 Datis
1817 2704 2102 2807 iisdem,
2169 2729 2341 2808 quae
2382 2707 2607 2790 prius.

446 2827 763 2902 oporteat
805 2814 1012 2881 etiam
1055 2836 1146 2881 ex
1192 2811 1470 2886 alterius
1518 2813 1922 2898 angulorum
1979 2813 2399 2896 alternorum
2458 2841 2618 2885 ver·

444 2929 579 2995 tic-e
625 2935 716 2990 et
736 2935 939 2992 extra
980 2909 1209 3008 ipsum
1248 2921 1574 3002 angulum
1617 2923 1866 2990 ducere
1929 2935 2190 3012 rectam
2253 2929 2433 2992 inter
2485 2949 2615 3009 po-

330 3079 341 3088 ·
442 3026 691 3108 sitione
735 3035 970 3118 datas,
1046 3047 1265 3128 quae
1293 3025 1604 3157 aequale
1633 3027 2054 3163 triangulum
2107 3023 2446 3160 terminet
2519 3017 2609 3126 ei,
2705 3076 2712 3086 ι

315 3174 324 3186 ’
382 3177 388 3194 ·
426 3145 627 3234 quod
666 3145 857 3231 prior
902 3141 1105 3216 ducta
1149 3145 1493 3212 terminat.

613 3257 792 3322 Data
836 3253 974 3319 sint
1018 3249 1291 3334 eadem,
1340 3274 1513 3336 quae
1557 3231 1785 3351 prius:
1834 3263 1903 3320 et
1947 3257 2260 3338 oporteat
2305 3264 2394 3322 e'x
2417 3279 2612 3339 pun-
2687 3311 2702 3323 ,

433 3363 557 3434 'cto
578 3365 689 3472 F,
737 3373 937 3457 extra
972 3351 1315 3463 angulum
1350 3370 1595 3451 EFD‚
1657 3353 1908 3432 ducere
1953 3359 2212 3432 rectam
2254 3356 2432 3434 in'ter
2485 3387 2612 3450 po-
2657 3453 2668 3468 .

453 3475 703 3560 sitione
751 3471 945 3538 datas
989 3481 1047 3542 A
1076 3483 1161 3554 B,
1215 3476 1264 3541 C
1289 3449 1391 3595 b?
1461 3494 1632 3577 quae
1675 3450 2013 3582 terminet
2039 3470 2480 3608 triangulum,
2491 3477 2611 3602 aef-

445 3584 659 3698 quale
687 3565 1049 3662 triangulo
1078 3572 1202 3646 EF
1225 3576 1309 3646 G.
2079 3597 2088 3610 *
2375 3601 2384 3608 ·

612 3687 720 3766 Ab
765 3703 821 3760 E
849 3699 909 3760 A
952 3689 1395 3761 abscindatur
1439 3687 1498 3756 E
1528 3690 1592 3758 H
1656 3685 1954 3778 ae'qualis'
1995 3689 2047 3758 F
2078 3679 2201 3778 G
2259 3707 2329 3762 et
2358 3686 2614 3798 junga-

422 3815 557 3870 ‘tur
602 3769 653 3868 13
686 3801 785 3867 H:
828 3799 930 3866 ‘ea
958 3800 1166 3868 faciet
1180 3779 1636 3879 triangulum
1686 3799 1745 3870 E
1777 3802 1830 3870 F
1859 3801 1923 3870 H
1957 3801 2260 3886 aequale
2307 3805 2615 3916 triangu7
2676 3827 2684 3835 ·
2759 3819 2766 3828 ·

364 3884 383 3910 ’
444 3909 511 3978 10
556 3909 691 3979 EF
724 3908 825 3998 G,
868 3931 996 3994 per
1035 3907 1141 3978 El.
1188 3929 1384 3992 prop.
1433 3914 1492 3980 4.
