2838 4673
676 282 1127 380 ⁸somme-ie
1178 295 1574 356 conver-sa
1627 279 1832 358 alia.
1907 342 1915 350 .
1975 276 1990 360 ’,
2065 295 2078 310 ’
2219 279 2377 362 333

241 429 2380 484 ------·-·-·-—-·“··--·-··--.-·---·-—·-··r·—--

230 501 617 590 inaequales
663 516 893 587 erunt,
958 517 1029 572 et
1085 504 1305 585 maior
1368 503 1640 588 quidem
1697 525 1790 572 ex
1844 514 2378 574 ·eo..sumt.orum

229 626 677 699 punctorum,
744 635 781 680 e
824 635 955 698 quo
996 612 1305 696 priorum
1346 615 1608 698 minor,
1680 613 1914 684 dueta.-
1961 649 1966 654 ·
2187 677 2192 684 .

386 728 481 808 ob.
571 722 639 792 Si
688 743 725 791 e
770 721 1053 791 duobus·
1073 721 1373 816 punctis,
1401 729 1602 794 extra
1639 737 1904 792 rectam
1944 723 2377 796 terminatam

231 835 469 906 sumtis
512 833 756 904 ductae
801 829 980 916 duas
1020 845 1250 901 rectae
1291 827 1381 900 ad
1421 831 1636 917 ipsius
1676 844 2032 918 vextremm,
2089 843 2158 900 et
2199 827 2389 904 aliae'

232 943 405 1012 duae
444 955 673 1012 rectae
716 937 806 1010 ad
857 953 1185 1027 punctum
1224 936 1437 1035 ipsius
1478 928 1999 1028 intermedium,
2037 940 2373 1023 facientes

232 1048 511 1138 quidem·
542 1051 829 1135 angulos
874 1051 962 1120 ad
1004 1063 1227 1147 sumta
1264 1059 1516 1135 puncta
1555 1067 1710 1119 cum
1749 1045 2100 1134 prioribus,
2137 1067 2378 1136 aequa·

228 1159 367 1249 les,
424 1163 611 1247 ipsae
654 1175 883 1232 autem
923 1157 1104 1230 inter
1144 1181 1217 1230 se
1256 1157 1680 1248 inaequales,
1733 1159 1992 1232 faciant
2032 1159 2376 1244 triangula

188 1271 204 1281 ’
229 1291 435 1355 super
451 1270 833 1353 segmentis
857 1283 1115 1358 puncto
1139 1269 1541 1344 intermedio
1572 1267 1775 1370 faetis
1807 1266 2153 1355 aequalina
2196 1272 2378 1356 prio·

226 1400 337 1449 res
401 1379 575 1450 duae
625 1391 858 1450 rectae
916 1381 1121 1448 etiam
1171 1379 1355 1449 inter
1410 1399 1488 1448 se
1543 1363 1934 1463 inaequales
1989 1392 2230 1462 erunt,
2303 1395 2376 1454 et

226 1490 477 1579 major,
536 1509 712 1572 quae
750 1505 861 1556 'ex
920 1509 1001 1556 eo
1059 1499 1442 1562 sumturum
1496 1497 1904 1592 punctorum
1959 1485 2167 1600 dueta
2219 1503 2370 1580 est,

226 1619 265 1666 e
310 1619 443 1732 quo
484 1598 707 1666 minor
746 1594 1203 1682 posteriorum
1248 1593 1560 1666 duarum.
1927 1619 1934 1626 ·

331 1713 479 1778 9ο.
542 1703 613 1772 Si
666 1727 705 1773 e
759 1705 1027 1774 duobus
1073 1707 1347 1788 punctis
1390 1711 1594 1772 extra
1635 1710 1896 1772 rectam
1937 1706 2385 1782 terminatam

226 1815 467 1894 sumtis
524 1813 769 1882 ductae
826 1815 1001 1882 duae
1045 1825 1279 1882 rectae
1318 1811 1405 1880 ad
1443 1811 1658 1895 ipsius
1702 1823 2012 1880 extrema
2051 1813 2375 1920 inaequa-

226 1923 325 1992 les
370 1921 682 2008 quidem,
726 1921 851 1992 sed
894 1923 1019 1990 sul»
1064 1918 1329 2004 angulis
1376 1919 1805 2006 aequalibus,
1873 1919 1944 1988 e't
1981 1917 2151 1991 aliae
2195 1899 2372 1996 duae

226 2032 313 2108 ad
352 2038 681 2116 puuctum
728 2031 943 2115 ipsius
994 2030 1512 2116 intermedium,
1581 2030 1840 2100 faciant
1878 2029 2218 2114 triangula
2245 2055 2376 2104 su·

132 2129 139 2136 ’
212 2161 349 2240 ,ρει
391 2140 760 2224 segmentis
800 2152 1057 2249 puncto
1106 2139 1513 2208 intermedio
1555 2138 1757 2207 saetis
1804 2139 2147 2222 aequalia:
2215 2165 2374 2242 seg-

224 2263 453 2320 menta
509 2249 623 2319 illa
681 2255 887 2318 erunt
936 2247 1357 2333 inaequalia,
1425 2260 1496 2320 et
1554 2247 1774 2331 majus
1833 2249 2126 2334 quidem,
2184 2248 2372 2353 quod

188 2355 469 2431 'minori
510 2359 817 2455 priorum
860 2358 1217 2426 ductarum
1260 2357 1552 2439 adjacet.

380 2479 486 2545 911.
546 2470 615 2538 si
671 2490 711 2534 e
760 2468 1057 2551 punctis·
1085 2467 1348 2535 duobus
1390 2478 1592 2534 extra
1634 2480 1896 2539 rectam
1941 2467 2370 2541 terminatam

224 2580 465 2664 sumtis
521 2572 771 2645 ductae
830 2574 1005 2645 duae
1060 2589 1289 2645 rectae
1337 2574 1434 2643 ad
1473 2576 1687 2659 ipsius
1733 2590 2042 2647 extrema
2081 2580 2206 2648 sub
2250 2600 2369 2648 an-

96 2698 103 2706 '
226 2676 401 2771 gulis
468 2684 897 2771 aequalibus,
964 2698 1034 2753 et
1092 2682 1268 2755 aliae
1320 2683 1636 2769 duae-ad
1693 2700 2060 2783 punctum,
2123 2687 2193 2755 in
2235 2712 2368 2773 quo

136 2796 140 2805 '
224 2795 340 2865 illa
368 2797 439 2863 in
474 2793 856 2879 inaequalia
878 2790 1101 2866 divisa
1131 2806 1259 2880 est,
1304 2794 1564 2863 faciant
1593 2793 1932 2877 triangula
1956 2812 2160 2879 super
2189 2797 2373 2867 inae-

224 2896 531 2991 qualibus
576 2904 949 2985 segmentis
992 2901 1335 2987 aequalia=
1419 2905 1686 2986 priores
1745 2902 1922 2973 duae
1982 2894 2372 2991 inaequales

224 3026 463 3099 erunt,
530 3024 601 3081 et
648 3012 869 3092 major
922 3009 1231 3097 quidem,
1296 3030 1470 3095 quae
1529 3012 1775 3081 minori
1833 3027 2190 3097 segmento
2249 3016 2375 3085 ad·

160 3122 165 3141 '
224 3124 428 3204 iacet.
498 3140 505 3155 ¹

389 3229 479 3301 9e'.
542 3228 611 3297 Si
664 3250 702 3299 e
753 3224 1035 3313 punctis,
1064 3224 1327 3299 duobus
1382 3241 1584 3298 extra
1637 3242 1896 3299 rectam
1937 3232 2369 3305 terminatam
2483 3324 2487 3329 ἢ

116 3360 123 3365 ·
224 3340 466 3407 sumtis
508 3336 751 3411 ductae
794 3338 969 3427 duae
1014 3347 1245 3407 rectae
1290 3338 1375 3407 ad
1421 3340 1634 3425 ipsius
1677 3351 2024 3423 extrema,
2088 3354 2158 3409 et
2199 3340 2370 3412 aliae
2453 3350 2463 3357 “

224 3444 401 3513 duae
460 3444 545 3513 ad
600 3458 931 3533 punctum
970 3448 1187 3528 ipsius
1229 3447 1710 3517 intermedium
1751 3452 1876 3517 sub
1919 3451 2184 3533 ang-ulis
2225 3453 2376 3537 qui-

226 3544 426 3640 dem,
470 3572 661 3641 quos
718 3556 931 3631 altera
990 3576 1147 3622 oum
1190 3554 1403 3649 altem
1451 3550 1806 3641 segmento
1847 3555 2054 3665 facit,
2123 3580 2370 3646 aequa·

227 3661 459 3752 libus,
506 3666 695 3751 ipsae
739 3666 963 3735 autem
1006 3660 1189 3732 intei-
1227 3684 1305 3733 se
1341 3665 1770 3752 inaequales,
1833 3666 2092 3738 faciant
2131 3690 2369 3755 aequa·

25 3750 28 3761 ¹
130 3851 141 3875 1
224 3772 315 3842 lia
350 3790 557 3860 super
596 3773 727 3845 iuis
772 3776 1145 3873 segmentis
1188 3770 1564 3857 triangula.
1625 3787 1823 3843 erunt
1861 3774 2000 3847 illa
2017 3792 2370 3860 segmenta
2428 3826 2436 3834 ,

224 3866 643 3972 inaequalia,
709 3897 779 3953 et
834 3884 1051 3967 majus
1110 3882 1385 3967 quidem
1431 3882 1544 3972 id,
1619 3906 1910 3971 quocum
1967 3888 2190 3957 minor
2245 3910 2370 3977 po·

2123 4110 2220 4185 ,εἰ
