2838 4673
28 10 45 483 μ

29 494 47 577 [Γ

425 296 559 367 ιἰ8
598 290 793 367 ΟΑΡ.
808 290 947 367 IV.
976 292 1111 366 Ex
1128 286 1939 383 Theoremate‘primo
1980 270 2594 373 Elementorum.

414 520 523 587 tiis
584 529 656 585 ct
710 522 1244 605 προςδιορισμοις
1305 509 1498 595 quasi
1548 506 1909 593 obvolutae
1951 518 2150 593 sunt,
2197 524 2587 628 agnoscere·

416 638 905 710 consuescant,
988 619 1361 706 singularia
1429 612 1549 683 illa
1617 616 2054 705 seponendo,
2126 628 2194 682 et
2254 597 2400 719 sola
2469 627 2578 706 ea‘,

417 758 591 825 quae
630 734 717 803 ad
758 755 908 829 rem
950 743 1143 816 sunt,
1188 724 1571 796 retinendo.

584 844 719 913 Sed
808 840 978 910 alter
1066 836 1329 925 amplus
1402 810 1705 919 aperitur
1779 856 2061 918 campus
2143 832 2580 919 application'i

414 954 955 1037 theorematum,
1020 970 1176 1019 cum
1240 944 1327 1013 ad
1367 942 1795 1031 problemata
1839 943 2235 1030 devenitur,
2297 943 2622 1017 alteram
2656 976 2664 986 ¹

413 1062 813 1158 palmariam
856 1056 1357 1127 architecturae
1400 1054 1862 1139 geometricae
1903 1067 2192 1139 partem.
2265 1054 2361 1126 Ut
2398 1056 2581 1123 enim

415 1172 839 1239 theoremata
903 1170 1258 1234 enuntiant
1306 1162 1556 1248 aliquid
1597 1164 1694 1231 ita
1751 1184 1947 1259 esse,
1991 1175 2068 1229 ut
2126 1162 2413 1233 dicitur:
2476 1167 2585 1253 sie·

416 1247 864 1365 problemata
884 1277 1353 1361 quaestionem
1394 1286 1675 1342 movent
1717 1270 1804 1340 de
1845 1294 1924 1339 re
1972 1272 2196 1357 aliqua
2237 1272 2576 1361 facienda,

418 1401 486 1455 et
525 1387 673 1455 fieri
715 1406 923 1469 posse
967 1384 1271 1471 docent,
1324 1406 1401 1452 ac
1451 1383 1812 1476 quomode.
1922 1382 2014 1451 Et
2061 1396 2138 1451 ut
2195 1382 2592 1471 theorema-v

400 1481 578 1565 ¹tum
594 1494 994 1581 plerumque
1042 1517 1122 1565 ea
1170 1494 1393 1562 forma
1437 1505 1574 1581 est,
1621 1502 1718 1575 ut,
1765 1494 1824 1563 si
1868 1492 2251 1585 sit-aliquid
2294 1492 2406 1560 vel
2447 1496 2584 1561 sint

416 1606 675 1693 aliqua,
736 1604 941 1675 simul
1000 1628 1157 1675 cum
1214 1604 1298 1672 iis
1366 1624 1543 1684 esse,
1583 1606 1788 1671 etiam
1847 1602 2136 1671 alterum
2181 1594 2584 1697 aliquid'vel

369 1732 373 1741 ’
416 1717 561 1791 alia,
586 1714 847 1801 aliqua,
907 1715 1383 1799 pronuntient:
1452 1714 1687 1810 sio-gin
1728 1710 2580 1814 problematis'plerisque,

416 1828 575 1905 dato
647 1826 871 1911 aliquo
948 1822 1058 1891 vel
1129 1822 1304 1890 datis
1360 1822 1712 1907 =aliquibus
1736 1870 1758 1908 ,
1819 1824 2252 1911 ostenditur,
2331 1822 2583 1907 aliquid

416 1934 597 2005 aliud
639 1934 752 2002 vel
794 1934 1019 2017 aliqua
1063 1930 1193 1999 alia
1238 1932 1532 2021 inveniri
1577 1942 1644 1997 et
1684 1932 1852 1996 effici
1895 1954 2120 2014 posse.
2214 1934 2580 2023 Quomodo

418 2057 647 2113 autem
700 2042 1057 2109 theorema
1123 2038 1393 2123 aliquod
1437 2038 1864 2124 proponendi
1910 2052 1980 2107 et
2031 2040 2362 2108 efficiendi
2419 2066 2610 2125 pro-1

418 2153 728 2223 blematis
772 2150 1209 2217 occasionem
1253 2148 1584 2231 praebere
1628 2147 1880 2231 possit,
1928 2145 2138 2215 facile.
2167 2135 2272 2217 =sic
2334 2149 2583 2220 intelli-

418 2276 639 2358 getur.
753 2260 1096 2359 Quoniam
1140 2256 1495 2325 theorema
1541 2256 1740 2344 dicit,
1804 2259 2028 2342 posito
2077 2262 2405 2346 quodam,
2469 2260 2582 2329 vel

417 2375 658 2461 positis
704 2369 1107 2458 quibusdam
1136 2366 1482 2454 pluribus,
1533 2391 1702 2459 quae
1748 2371 2220 2440 antecedentia
2263 2371 2587 2462 dicimus,

420 2475 847 2566 consequens
893 2502 1044 2549 esse
1090 2477 1372 2564 aliquid,
1437 2476 1548 2544 vel
1590 2475 1786 2561 plura
1829 2479 2156 2563 quaedam
2203 2505 2354 2551 esse
2416 2503 2583 2552 con·

310 2585 315 2598 ’
358 2648 361 2650 v
420 2585 803 2676 sequentia:
834 2590 1156 2676 sequitui
1168 2635 1192 2674 ,
1238 2599 1314 2654 ut
1354 2587 1424 2654 si
1456 2589 1717 2656 efficere
1760 2590 2043 2658 velimus
2063 2589 2209 2680 id,
2283 2595 2462 2678 quod
2499 2593 2580 2669 il-

405 2703 507 2778 ,lic
552 2714 659 2779 est
704 2721 1127 2789 consequens
1169 2697 1282 2766 vel
1312 2718 1523 2764 unum
1551 2719 1642 2764 ex
1675 2703 2270 2789 consequentibus,
2315 2702 2582 2774 efficere
2685 2763 2695 2766 -
2807 2729 2810 2800 ζ

424 2824 735 2895 oporteat
788 2811 895 2894 id,
962 2807 1141 2893 quod
1174 2807 1340 2884 ‚illic
1408 2823 1514 2912 est
1555 2810 2010 2908 antecedens,
2085 2813 2195 2881 vel
2264 2816 2320 2908 si
2382 2815 2601 2907 plura,

423 2921 711 3000 fuerint,
756 2943 835 2989 ea
880 2933 1005 2987 aut·
1040 2925 1303 3006 omnia,
1352 2932 1507 3008 aut,
1573 2923 1650 3014 si
1677 2921 1856 2988 forte
1901 2921 2120 3008 aliqua
2157 2925 2300 3022 jam
2342 2924 2412 2988 in
2457 2923 2580 2990 da-

421 3033 506 3101 tis
552 3031 721 3116 sint,
768 3025 1061 3115 reliqua:
1110 3051 1240 3114 quo
1268 3025 1469 3103 facto
1514 3039 1590 3107 et'
1628 3054 2052 3117 consequens
2097 3036 2412 3101 effectum
2453 3031 2579 3100 ha-

354 3169 361 3176 ·
422 3143 707 3211 bebitur.
797 3141 892 3210 Ut
932 3142 988 3208 si
1032 3139 1271 3211 datum,
1304 3144 1395 3210 ‘sit
1435 3140 1880 3239 triangulum,
1933 3158 2000 3212 et
2043 3145 2431 3228 requiratur.
2483 3143 2596 3210 al-:

426 3266 647 3320 terum
686 3250 817 3336 ipsi
860 3249 1163 3335 aequalb,
1210 3255 1401 3333 eujus
1446 3266 1670 3330 tamen
1717 3253 1890 3321 latus
1931 3255 2161 3322 datum
2205 3247 2294 3318 sit
2331 3273 2580 3338 aequa-

426 3363 484 3430 le
528 3366 646 3460 uni
706 3360 997 3428 duorum
1054 3359 1344 3428 laterum
1386 3364 1674 3447 prioris,
1750 3375 1818 3429 et
1877 3361 2164 3444 angulus
2225 3353 2322 3428 illi
2379 3353 2628 3431 lateri'

428 3449 745 3554 adjacens
788 3455 985 3540 datus
1029 3475 1119 3540 sit
1158 3459 1456 3556 aequalis
1501 3471 1604 3558 ei,
1645 3475 1758 3556 qui
1801 3495 1842 3540 a
1883 3472 2081 3542 dictis
2127 3463 2391 3569 duobus
2437 3469 2578 3541 dati

288 3615 307 3630 ,
425 3581 745 3663 trianguli
808 3580 1131 3649 lateribus
1189 3581 1828 3664 comprehenditur.
1905 3561 2245 3666 oportebit
2289 3566 2600 3651 alterum-

351 3690 357 3705 ‘
427 3689 598 3758 latus
644 3690 826 3759 dicto
873 3689 1123 3791 angulo
1167 3690 1486 3771 adjacens
1535 3691 1763 3760 facere
1825 3691 2102 3774 aequale
2155 3667 2412 3777 reliquo
2473 3693 2576 3760 di-

423 3811 692 3866 etorum
737 3799 881 3868 dati
920 3783 1243 3884 trianguli
1283 3797 1611 3890 laterumz,
1677 3814 1748 3872 et
1791 3800 1962 3867 duoi
1965 3825 2078 3868 um
2119 3799 2412 3892 laterum
2452 3800 2576 3872 ex.

422 3909 661 3978 nemis
718 3910 1099 3992 conjunctis
1171 3909 1353 3980 linea
1413 3923 1645 4000 recta,
1726 3909 2082 4004 habebitur
2157 3909 2577 4008 triangulum
