<?xml version="1.0" encoding="UTF-8"?>
<!DOCTYPE html PUBLIC "-//W3C//DTD XHTML 1.0 Transitional//EN"
    "http://www.w3.org/TR/xhtml1/DTD/xhtml1-transitional.dtd">
<html xmlns="http://www.w3.org/1999/xhtml" xml:lang="en" lang="en">
 <head>
  <title>
</title>
<meta http-equiv="Content-Type" content="text/html;charset=utf-8" />
  <meta name='ocr-system' content='tesseract 3.04.00' />
  <meta name='ocr-capabilities' content='ocr_page ocr_carea ocr_par ocr_line ocrx_word'/>
</head>
<body>
  <div class='ocr_page' id='page_1' title='image "./scholaelogicoma00haubgoog_0359.png"; bbox 0 0 2838 4673; ppageno 0'>
   <div class='ocr_carea' id='block_1_1' title="bbox 393 229 2716 399">
    <p class='ocr_par' dir='ltr' id='par_1_1' title="bbox 393 229 2716 399">
     <span class='ocr_line' id='line_1_1' title="bbox 393 229 2716 399; baseline -0.004 -38"><span class='ocrx_word' id='word_1_1' title='bbox 393 257 401 266; x_wconf 38' lang='grc'>’</span> <span class='ocrx_word' id='word_1_2' title='bbox 513 286 651 382; x_wconf 76' lang='lat'><strong>34⁴2</strong></span> <span class='ocrx_word' id='word_1_3' title='bbox 702 275 897 361; x_wconf 51' lang='lat' dir='ltr'><strong>‘CAR</strong></span> <span class='ocrx_word' id='word_1_4' title='bbox 928 281 1051 358; x_wconf 82' lang='lat' dir='ltr'><strong>IX.</strong></span> <span class='ocrx_word' id='word_1_5' title='bbox 1096 280 1233 364; x_wconf 80' lang='lat' dir='ltr'><strong>Ad</strong></span> <span class='ocrx_word' id='word_1_6' title='bbox 1263 281 1335 355; x_wconf 85' lang='lat' dir='ltr'><em>T</em></span> <span class='ocrx_word' id='word_1_7' title='bbox 1327 229 1538 354; x_wconf 60' lang='lat' dir='ltr'><strong>himin</strong></span> <span class='ocrx_word' id='word_1_8' title='bbox 1577 279 1640 355; x_wconf 86' lang='lat' dir='ltr'><strong>J.</strong></span> <span class='ocrx_word' id='word_1_9' title='bbox 1669 279 1908 354; x_wconf 81' lang='lat' dir='ltr'><strong>Elem.</strong></span> <span class='ocrx_word' id='word_1_10' title='bbox 1939 279 2256 379; x_wconf 74' lang='lat' dir='ltr'><strong>ejusque</strong></span> <span class='ocrx_word' id='word_1_11' title='bbox 2291 290 2624 356; x_wconf 76' lang='lat' dir='ltr'><strong>com-eet.</strong></span> <span class='ocrx_word' id='word_1_12' title='bbox 2713 392 2716 399; x_wconf 28' lang='grc' dir='ltr'>Ι</span> 
     </span>
    </p>
   </div>
   <div class='ocr_carea' id='block_1_2' title="bbox 2187 426 2605 450">
    <p class='ocr_par' dir='ltr' id='par_1_2' title="bbox 2187 426 2605 450">
     <span class='ocr_line' id='line_1_2' title="bbox 2187 426 2605 450; baseline 0 4223"><span class='ocrx_word' id='word_1_13' title='bbox 2187 426 2605 450; x_wconf 95' lang='lat' dir='ltr'><strong> </strong></span> 
     </span>
    </p>
   </div>
   <div class='ocr_carea' id='block_1_3' title="bbox 520 437 918 456">
    <p class='ocr_par' dir='ltr' id='par_1_3' title="bbox 520 437 918 456">
     <span class='ocr_line' id='line_1_3' title="bbox 520 437 918 456; baseline 0 4217"><span class='ocrx_word' id='word_1_14' title='bbox 520 437 918 456; x_wconf 95' lang='lat' dir='ltr'><strong> </strong></span> 
     </span>
    </p>
   </div>
   <div class='ocr_carea' id='block_1_4' title="bbox 516 499 2644 610">
    <p class='ocr_par' dir='ltr' id='par_1_4' title="bbox 516 499 2644 610">
     <span class='ocr_line' id='line_1_4' title="bbox 516 499 2644 610; baseline -0.001 -36"><span class='ocrx_word' id='word_1_15' title='bbox 516 506 807 588; x_wconf 64' lang='lat' dir='ltr'><strong>animum,</strong></span> <span class='ocrx_word' id='word_1_16' title='bbox 864 503 985 572; x_wconf 88' lang='lat' dir='ltr'><strong>sed</strong></span> <span class='ocrx_word' id='word_1_17' title='bbox 1038 503 1361 570; x_wconf 79' lang='lat' dir='ltr'><strong>remotius</strong></span> <span class='ocrx_word' id='word_1_18' title='bbox 1425 500 1694 610; x_wconf 59' lang='lat' dir='ltr'><strong>aliquod</strong></span> <span class='ocrx_word' id='word_1_19' title='bbox 1737 523 2159 586; x_wconf 85' lang='lat' dir='ltr'><strong>consequens</strong></span> <span class='ocrx_word' id='word_1_20' title='bbox 2201 499 2448 569; x_wconf 82' lang='lat' dir='ltr'><strong>falsum</strong></span> <span class='ocrx_word' id='word_1_21' title='bbox 2489 499 2644 572; x_wconf 69' lang='lat' dir='ltr'><strong>ess‘e</strong></span> 
     </span>
    </p>
   </div>
   <div class='ocr_carea' id='block_1_5' title="bbox 518 612 2681 708">
    <p class='ocr_par' dir='ltr' id='par_1_5' title="bbox 518 612 2681 708">
     <span class='ocr_line' id='line_1_5' title="bbox 518 612 2681 708; baseline -0.001 -24"><span class='ocrx_word' id='word_1_22' title='bbox 518 626 847 685; x_wconf 63' lang='lat' dir='ltr'><strong>constetn</strong></span> <span class='ocrx_word' id='word_1_23' title='bbox 910 624 984 678; x_wconf 91' lang='lat' dir='ltr'><strong>ut</strong></span> <span class='ocrx_word' id='word_1_24' title='bbox 1039 615 1098 680; x_wconf 88' lang='lat' dir='ltr'><strong>si</strong></span> <span class='ocrx_word' id='word_1_25' title='bbox 1147 612 1367 695; x_wconf 87' lang='lat' dir='ltr'><strong>posito</strong></span> <span class='ocrx_word' id='word_1_26' title='bbox 1424 615 1526 696; x_wconf 87' lang='lat' dir='ltr'><strong>A,</strong></span> <span class='ocrx_word' id='word_1_27' title='bbox 1591 633 2018 695; x_wconf 86' lang='lat' dir='ltr'><strong>consequens</strong></span> <span class='ocrx_word' id='word_1_28' title='bbox 2079 612 2166 708; x_wconf 81' lang='lat' dir='ltr'><strong>sit</strong></span> <span class='ocrx_word' id='word_1_29' title='bbox 2225 613 2376 680; x_wconf 80' lang='lat' dir='ltr'><strong>es&#39;se</strong></span> <span class='ocrx_word' id='word_1_30' title='bbox 2419 613 2508 697; x_wconf 89' lang='grc' dir='ltr'><strong>Β,</strong></span> <span class='ocrx_word' id='word_1_31' title='bbox 2571 626 2681 700; x_wconf 62' lang='lat' dir='ltr'><strong>et¹</strong></span> 
     </span>
    </p>
   </div>
   <div class='ocr_carea' id='block_1_6' title="bbox 516 719 2650 1026">
    <p class='ocr_par' dir='ltr' id='par_1_6' title="bbox 516 719 2650 1026">
     <span class='ocr_line' id='line_1_6' title="bbox 516 719 2645 810; baseline 0 -19"><span class='ocrx_word' id='word_1_32' title='bbox 516 726 737 810; x_wconf 84' lang='lat' dir='ltr'><strong>posito</strong></span> <span class='ocrx_word' id='word_1_33' title='bbox 782 721 832 788; x_wconf 91' lang='lat' dir='ltr'>B</span> <span class='ocrx_word' id='word_1_34' title='bbox 874 741 1295 806; x_wconf 78' lang='lat' dir='ltr'><strong>consequens</strong></span> <span class='ocrx_word' id='word_1_35' title='bbox 1340 720 1431 788; x_wconf 82' lang='lat' dir='ltr'><strong>sit</strong></span> <span class='ocrx_word' id='word_1_36' title='bbox 1473 719 1562 806; x_wconf 81' lang='lat' dir='ltr'><strong>G,</strong></span> <span class='ocrx_word' id='word_1_37' title='bbox 1621 734 1690 789; x_wconf 88' lang='lat' dir='ltr'><strong>et</strong></span> <span class='ocrx_word' id='word_1_38' title='bbox 1728 721 1950 805; x_wconf 88' lang='lat' dir='ltr'><strong>posito</strong></span> <span class='ocrx_word' id='word_1_39' title='bbox 1994 719 2046 788; x_wconf 88' lang='lat' dir='ltr'>C</span> <span class='ocrx_word' id='word_1_40' title='bbox 2089 741 2512 805; x_wconf 80' lang='lat' dir='ltr'><strong>consequens</strong></span> <span class='ocrx_word' id='word_1_41' title='bbox 2557 724 2645 792; x_wconf 89' lang='lat' dir='ltr'><strong>sit</strong></span> 
     </span>
     <span class='ocr_line' id='line_1_7' title="bbox 516 827 2650 922; baseline -0.001 -20"><span class='ocrx_word' id='word_1_42' title='bbox 516 833 619 922; x_wconf 83' lang='lat' dir='ltr'><strong>D:,</strong></span> <span class='ocrx_word' id='word_1_43' title='bbox 678 833 969 900; x_wconf 81' lang='lat' dir='ltr'><strong>sciamus</strong></span> <span class='ocrx_word' id='word_1_44' title='bbox 1014 842 1257 911; x_wconf 84' lang='lat' dir='ltr'><strong>autem,</strong></span> <span class='ocrx_word' id='word_1_45' title='bbox 1302 827 1361 897; x_wconf 94' lang='lat' dir='ltr'>D</span> <span class='ocrx_word' id='word_1_46' title='bbox 1402 849 1542 898; x_wconf 85' lang='lat' dir='ltr'><strong>non</strong></span> <span class='ocrx_word' id='word_1_47' title='bbox 1583 849 1732 898; x_wconf 80' lang='lat' dir='ltr'><strong>esse</strong></span> <span class='ocrx_word' id='word_1_48' title='bbox 1758 851 1790 898; x_wconf 74' lang='grc' dir='ltr'><strong>ε·</strong></span> <span class='ocrx_word' id='word_1_49' title='bbox 1861 841 2052 898; x_wconf 78' lang='lat' dir='ltr'><strong>reete</strong></span> <span class='ocrx_word' id='word_1_50' title='bbox 2089 828 2484 914; x_wconf 64' lang='lat' dir='ltr'><strong>colligetur,</strong></span> <span class='ocrx_word' id='word_1_51' title='bbox 2528 853 2650 900; x_wconf 89' lang='lat' dir='ltr'><strong>ne-</strong></span> 
     </span>
     <span class='ocr_line' id='line_1_8' title="bbox 520 937 2650 1026; baseline 0.001 -19"><span class='ocrx_word' id='word_1_52' title='bbox 520 960 647 1026; x_wconf 89' lang='lat' dir='ltr'><strong>que</strong></span> <span class='ocrx_word' id='word_1_53' title='bbox 688 939 753 1006; x_wconf 93' lang='lat' dir='ltr'><strong>A</strong></span> <span class='ocrx_word' id='word_1_54' title='bbox 794 959 967 1011; x_wconf 85' lang='lat' dir='ltr'><strong>esse.</strong></span> <span class='ocrx_word' id='word_1_55' title='bbox 1068 939 1305 1022; x_wconf 72' lang='lat' dir='ltr'><strong>Neque</strong></span> <span class='ocrx_word' id='word_1_56' title='bbox 1348 939 1529 1006; x_wconf 86' lang='lat' dir='ltr'><strong>enim</strong></span> <span class='ocrx_word' id='word_1_57' title='bbox 1571 937 1724 1006; x_wconf 87' lang='lat' dir='ltr'><strong>falsi</strong></span> <span class='ocrx_word' id='word_1_58' title='bbox 1767 939 2096 1022; x_wconf 77' lang='lat' dir='ltr'>suppositi</span> <span class='ocrx_word' id='word_1_59' title='bbox 2137 939 2429 1021; x_wconf 86' lang='lat' dir='ltr'><strong>primum</strong></span> <span class='ocrx_word' id='word_1_60' title='bbox 2471 963 2650 1010; x_wconf 88' lang='lat' dir='ltr'><strong>sem-</strong></span> 
     </span>
    </p>
   </div>
   <div class='ocr_carea' id='block_1_7' title="bbox 518 1045 2690 1133">
    <p class='ocr_par' dir='ltr' id='par_1_7' title="bbox 518 1045 2690 1133">
     <span class='ocr_line' id='line_1_9' title="bbox 518 1045 2690 1133; baseline 0.002 -18"><span class='ocrx_word' id='word_1_61' title='bbox 518 1069 645 1133; x_wconf 84' lang='lat' dir='ltr'><strong>per</strong></span> <span class='ocrx_word' id='word_1_62' title='bbox 684 1061 753 1116; x_wconf 87' lang='lat' dir='ltr'><strong>et</strong></span> <span class='ocrx_word' id='word_1_63' title='bbox 788 1051 1177 1131; x_wconf 74' lang='lat' dir='ltr'><strong>proximum</strong></span> <span class='ocrx_word' id='word_1_64' title='bbox 1218 1045 1640 1132; x_wconf 78' lang='lat' dir='ltr'><strong>consequens</strong></span> <span class='ocrx_word' id='word_1_65' title='bbox 1685 1049 1912 1116; x_wconf 82' lang='lat' dir='ltr'><strong>statim</strong></span> <span class='ocrx_word' id='word_1_66' title='bbox 1951 1045 2084 1114; x_wconf 86' lang='lat' dir='ltr'><strong>tale</strong></span> <span class='ocrx_word' id='word_1_67' title='bbox 2127 1059 2255 1126; x_wconf 88' lang='lat' dir='ltr'><strong>est,</strong></span> <span class='ocrx_word' id='word_1_68' title='bbox 2297 1060 2372 1116; x_wconf 87' lang='lat' dir='ltr'><strong>ut</strong></span> <span class='ocrx_word' id='word_1_69' title='bbox 2403 1047 2650 1120; x_wconf 79' lang='lat' dir='ltr'><strong>falsum</strong></span> <span class='ocrx_word' id='word_1_70' title='bbox 2685 1091 2690 1098; x_wconf 95' lang='lat'>-</span> 
     </span>
    </p>
   </div>
   <div class='ocr_carea' id='block_1_8' title="bbox 522 1153 2652 1574">
    <p class='ocr_par' dir='ltr' id='par_1_8' title="bbox 522 1153 2652 1574">
     <span class='ocr_line' id='line_1_10' title="bbox 524 1153 2648 1242; baseline 0.002 -18"><span class='ocrx_word' id='word_1_71' title='bbox 524 1156 1110 1242; x_wconf 84' lang='lat' dir='ltr'><strong>deprehendatur,</strong></span> <span class='ocrx_word' id='word_1_72' title='bbox 1164 1164 1389 1241; x_wconf 52' lang='lat' dir='ltr'><strong>leoque</strong></span> <span class='ocrx_word' id='word_1_73' title='bbox 1445 1155 1648 1227; x_wconf 85' lang='lat' dir='ltr'><strong>etiam</strong></span> <span class='ocrx_word' id='word_1_74' title='bbox 1699 1156 2030 1242; x_wconf 81' lang='lat' dir='ltr'>suppositi</span> <span class='ocrx_word' id='word_1_75' title='bbox 2078 1153 2439 1224; x_wconf 84' lang='lat' dir='ltr'><strong>falsitatem</strong></span> <span class='ocrx_word' id='word_1_76' title='bbox 2487 1180 2648 1228; x_wconf 88' lang='lat' dir='ltr'><strong>con-</strong></span> 
     </span>
     <span class='ocr_line' id='line_1_11' title="bbox 522 1262 2652 1350; baseline 0 -17"><span class='ocrx_word' id='word_1_77' title='bbox 522 1266 793 1336; x_wconf 82' lang='lat' dir='ltr'><strong>vincat:</strong></span> <span class='ocrx_word' id='word_1_78' title='bbox 880 1266 1001 1336; x_wconf 88' lang='lat' dir='ltr'><strong>sed</strong></span> <span class='ocrx_word' id='word_1_79' title='bbox 1047 1265 1133 1334; x_wconf 87' lang='lat' dir='ltr'><strong>ad</strong></span> <span class='ocrx_word' id='word_1_80' title='bbox 1170 1263 1493 1335; x_wconf 84' lang='lat' dir='ltr'>ulteriora</span> <span class='ocrx_word' id='word_1_81' title='bbox 1531 1262 1926 1350; x_wconf 83' lang='lat' dir='ltr'><strong>plerumque</strong></span> <span class='ocrx_word' id='word_1_82' title='bbox 1969 1267 2464 1348; x_wconf 72' lang='lat' dir='ltr'><strong>consequentia</strong></span> <span class='ocrx_word' id='word_1_83' title='bbox 2491 1289 2652 1350; x_wconf 78' lang='lat' dir='ltr'><strong>pro·-</strong></span> 
     </span>
     <span class='ocr_line' id='line_1_12' title="bbox 524 1371 2652 1462; baseline 0 -18"><span class='ocrx_word' id='word_1_84' title='bbox 524 1374 966 1462; x_wconf 77' lang='lat' dir='ltr'><strong>grediendum</strong></span> <span class='ocrx_word' id='word_1_85' title='bbox 1021 1387 1143 1443; x_wconf 85' lang='lat' dir='ltr'><strong>est.</strong></span> <span class='ocrx_word' id='word_1_86' title='bbox 1228 1375 1407 1442; x_wconf 84' lang='lat' dir='ltr'><strong>Nam</strong></span> <span class='ocrx_word' id='word_1_87' title='bbox 1467 1377 1540 1442; x_wconf 87' lang='lat' dir='ltr'><strong>in</strong></span> <span class='ocrx_word' id='word_1_88' title='bbox 1595 1374 1744 1460; x_wconf 80' lang='lat' dir='ltr'><strong>ipsa</strong></span> <span class='ocrx_word' id='word_1_89' title='bbox 1783 1373 1891 1444; x_wconf 90' lang='lat' dir='ltr'><strong>El.</strong></span> <span class='ocrx_word' id='word_1_90' title='bbox 1944 1371 2000 1440; x_wconf 89' lang='lat'><strong>1.</strong></span> <span class='ocrx_word' id='word_1_91' title='bbox 2045 1375 2167 1441; x_wconf 69' lang='lat'><strong>602.</strong></span> <span class='ocrx_word' id='word_1_92' title='bbox 2229 1372 2652 1444; x_wconf 84' lang='lat' dir='ltr'><strong>demonstra-</strong></span> 
     </span>
     <span class='ocr_line' id='line_1_13' title="bbox 523 1469 2651 1574; baseline 0.002 -24"><span class='ocrx_word' id='word_1_93' title='bbox 523 1483 741 1566; x_wconf 78' lang='lat' dir='ltr'><strong>tione,</strong></span> <span class='ocrx_word' id='word_1_94' title='bbox 806 1504 973 1568; x_wconf 87' lang='lat' dir='ltr'><strong>quae</strong></span> <span class='ocrx_word' id='word_1_95' title='bbox 1032 1484 1251 1567; x_wconf 87' lang='lat' dir='ltr'><strong>prima</strong></span> <span class='ocrx_word' id='word_1_96' title='bbox 1308 1484 1380 1550; x_wconf 87' lang='lat' dir='ltr'><strong>in</strong></span> <span class='ocrx_word' id='word_1_97' title='bbox 1440 1469 1810 1552; x_wconf 86' lang='lat' dir='ltr'><strong>Elementis</strong></span> <span class='ocrx_word' id='word_1_98' title='bbox 1871 1481 2202 1550; x_wconf 82' lang='lat' dir='ltr'><strong>indirecta</strong></span> <span class='ocrx_word' id='word_1_99' title='bbox 2269 1497 2404 1574; x_wconf 86' lang='lat' dir='ltr'><strong>est,</strong></span> <span class='ocrx_word' id='word_1_100' title='bbox 2471 1485 2651 1572; x_wconf 84' lang='lat' dir='ltr'><strong>&#39;quod</strong></span> 
     </span>
    </p>
   </div>
   <div class='ocr_carea' id='block_1_9' title="bbox 422 1587 2653 1689">
    <p class='ocr_par' dir='ltr' id='par_1_9' title="bbox 422 1587 2653 1689">
     <span class='ocr_line' id='line_1_14' title="bbox 422 1587 2653 1689; baseline 0.004 -32"><span class='ocrx_word' id='word_1_101' title='bbox 422 1658 434 1674; x_wconf 80' lang='grc'><em>,</em></span> <span class='ocrx_word' id='word_1_102' title='bbox 521 1592 813 1676; x_wconf 87' lang='lat' dir='ltr'><strong>primum</strong></span> <span class='ocrx_word' id='word_1_103' title='bbox 873 1588 1027 1660; x_wconf 82' lang='lat' dir='ltr'><strong>illio</strong></span> <span class='ocrx_word' id='word_1_104' title='bbox 1070 1589 1162 1660; x_wconf 82' lang='lat' dir='ltr'><strong>ex</strong></span> <span class='ocrx_word' id='word_1_105' title='bbox 1218 1593 1614 1680; x_wconf 81' lang='lat' dir='ltr'><strong>positione,</strong></span> <span class='ocrx_word' id='word_1_106' title='bbox 1653 1606 1714 1661; x_wconf 82' lang='lat' dir='ltr'>A</span> <span class='ocrx_word' id='word_1_107' title='bbox 1755 1591 1808 1658; x_wconf 90' lang='grc' dir='ltr'>Β</span> <span class='ocrx_word' id='word_1_108' title='bbox 1869 1587 2217 1689; x_wconf 83' lang='lat' dir='ltr'><strong>aequalem</strong></span> <span class='ocrx_word' id='word_1_109' title='bbox 2282 1615 2432 1663; x_wconf 87' lang='lat' dir='ltr'><strong>esse</strong></span> <span class='ocrx_word' id='word_1_110' title='bbox 2486 1597 2580 1662; x_wconf 89' lang='lat' dir='ltr'>A</span> <span class='ocrx_word' id='word_1_111' title='bbox 2593 1605 2653 1666; x_wconf 89' lang='grc' dir='ltr'><em>Γ</em></span> 
     </span>
    </p>
   </div>
   <div class='ocr_carea' id='block_1_10' title="bbox 524 1681 2658 2785">
    <p class='ocr_par' dir='ltr' id='par_1_10' title="bbox 524 1681 2655 2656">
     <span class='ocr_line' id='line_1_15' title="bbox 524 1681 2652 1790; baseline 0 -22"><span class='ocrx_word' id='word_1_112' title='bbox 524 1705 623 1788; x_wconf 89' lang='lat' dir='ltr'><strong>(v.</strong></span> <span class='ocrx_word' id='word_1_113' title='bbox 670 1695 788 1782; x_wconf 80' lang='lat' dir='ltr'>fi&#39;g.</span> <span class='ocrx_word' id='word_1_114' title='bbox 833 1711 1003 1775; x_wconf 84' lang='lat' dir='ltr'><strong>text.</strong></span> <span class='ocrx_word' id='word_1_115' title='bbox 1049 1681 1348 1784; x_wconf 38' lang='lat' dir='ltr'><strong>graeoq)</strong></span> <span class='ocrx_word' id='word_1_116' title='bbox 1415 1723 1572 1790; x_wconf 88' lang='lat' dir='ltr'><strong>per</strong></span> <span class='ocrx_word' id='word_1_117' title='bbox 1582 1699 1688 1770; x_wconf 84' lang='lat' dir='ltr'><strong>El.</strong></span> <span class='ocrx_word' id='word_1_118' title='bbox 1733 1697 1793 1787; x_wconf 91' lang='lat'><strong>1,</strong></span> <span class='ocrx_word' id='word_1_119' title='bbox 1837 1703 1896 1769; x_wconf 81' lang='lat'><strong>4.</strong></span> <span class='ocrx_word' id='word_1_120' title='bbox 1956 1699 2406 1784; x_wconf 78' lang='lat' dir='ltr'>consequitur,</span> <span class='ocrx_word' id='word_1_121' title='bbox 2462 1709 2652 1770; x_wconf 84' lang='lat' dir='ltr'><strong>nern-</strong></span> 
     </span>
     <span class='ocr_line' id='line_1_16' title="bbox 524 1805 2650 1896; baseline 0 -20"><span class='ocrx_word' id='word_1_122' title='bbox 524 1831 612 1896; x_wconf 89' lang='lat' dir='ltr'><strong>pe</strong></span> <span class='ocrx_word' id='word_1_123' title='bbox 654 1810 847 1879; x_wconf 87' lang='lat' dir='ltr'><strong>basin</strong></span> <span class='ocrx_word' id='word_1_124' title='bbox 904 1821 961 1880; x_wconf 88' lang='grc' dir='ltr'><em>Γ</em></span> <span class='ocrx_word' id='word_1_125' title='bbox 1000 1825 1062 1880; x_wconf 86' lang='grc' dir='ltr'><em>Δ</em></span> <span class='ocrx_word' id='word_1_126' title='bbox 1122 1811 1264 1880; x_wconf 78' lang='lat' dir='ltr'><strong>basi</strong></span> <span class='ocrx_word' id='word_1_127' title='bbox 1321 1813 1387 1880; x_wconf 88' lang='lat' dir='ltr'>A</span> <span class='ocrx_word' id='word_1_128' title='bbox 1431 1811 1484 1876; x_wconf 93' lang='lat' dir='ltr'><strong>B</strong></span> <span class='ocrx_word' id='word_1_129' title='bbox 1545 1805 1892 1894; x_wconf 77' lang='lat' dir='ltr'><strong>aequalem</strong></span> <span class='ocrx_word' id='word_1_130' title='bbox 1927 1825 2138 1896; x_wconf 86' lang='lat' dir='ltr'><strong>esse,</strong></span> <span class='ocrx_word' id='word_1_131' title='bbox 2191 1808 2497 1881; x_wconf 77' lang='lat' dir='ltr'><strong>nondum</strong></span> <span class='ocrx_word' id='word_1_132' title='bbox 2533 1809 2650 1877; x_wconf 88' lang='lat' dir='ltr'><strong>ha-</strong></span> 
     </span>
     <span class='ocr_line' id='line_1_17' title="bbox 526 1917 2652 2006; baseline 0 -18"><span class='ocrx_word' id='word_1_133' title='bbox 526 1919 647 1990; x_wconf 81' lang='lat' dir='ltr'><strong>bet</strong></span> <span class='ocrx_word' id='word_1_134' title='bbox 685 1921 1131 1989; x_wconf 81' lang='lat' dir='ltr'><strong>manifestam·</strong></span> <span class='ocrx_word' id='word_1_135' title='bbox 1156 1919 1684 2006; x_wconf 76' lang='lat' dir='ltr'><strong>absurditatem3</strong></span> <span class='ocrx_word' id='word_1_136' title='bbox 1730 1917 1850 1986; x_wconf 88' lang='lat' dir='ltr'><strong>sed</strong></span> <span class='ocrx_word' id='word_1_137' title='bbox 1887 1917 2169 1986; x_wconf 87' lang='lat' dir='ltr'><strong>demum·</strong></span> <span class='ocrx_word' id='word_1_138' title='bbox 2199 1919 2373 2002; x_wconf 89' lang='lat' dir='ltr'><strong>quod</strong></span> <span class='ocrx_word' id='word_1_139' title='bbox 2413 1932 2652 2002; x_wconf 84' lang='lat' dir='ltr'><strong>postea</strong></span> 
     </span>
     <span class='ocr_line' id='line_1_18' title="bbox 528 2026 2652 2113; baseline -0.002 -14"><span class='ocrx_word' id='word_1_140' title='bbox 528 2029 1002 2113; x_wconf 74' lang='lat' dir='ltr'><strong>consequitur,</strong></span> <span class='ocrx_word' id='word_1_141' title='bbox 1066 2026 1479 2108; x_wconf 77' lang='lat' dir='ltr'><strong>triangulum</strong></span> <span class='ocrx_word' id='word_1_142' title='bbox 1521 2027 1573 2092; x_wconf 94' lang='lat' dir='ltr'>B</span> <span class='ocrx_word' id='word_1_143' title='bbox 1615 2037 1680 2096; x_wconf 85' lang='lat' dir='ltr'><em>A</em></span> <span class='ocrx_word' id='word_1_144' title='bbox 1719 2036 1776 2095; x_wconf 95' lang='grc' dir='ltr'><em>Γ</em></span> <span class='ocrx_word' id='word_1_145' title='bbox 1830 2026 2166 2110; x_wconf 83' lang='lat' dir='ltr'><strong>triangulo</strong></span> <span class='ocrx_word' id='word_1_146' title='bbox 2221 2030 2286 2096; x_wconf 92' lang='lat' dir='ltr'>A</span> <span class='ocrx_word' id='word_1_147' title='bbox 2327 2027 2381 2098; x_wconf 90' lang='lat' dir='ltr'>B</span> <span class='ocrx_word' id='word_1_148' title='bbox 2424 2037 2484 2098; x_wconf 89' lang='grc' dir='ltr'><em>Γ</em></span> <span class='ocrx_word' id='word_1_149' title='bbox 2539 2051 2652 2096; x_wconf 81' lang='lat' dir='ltr'><strong>ae-</strong></span> 
     </span>
     <span class='ocr_line' id='line_1_19' title="bbox 530 2131 2654 2222; baseline 0 -18"><span class='ocrx_word' id='word_1_150' title='bbox 530 2136 739 2222; x_wconf 56' lang='lat' dir='ltr'><strong>quale*</strong></span> <span class='ocrx_word' id='word_1_151' title='bbox 768 2157 949 2218; x_wconf 86' lang='lat' dir='ltr'><strong>esse,</strong></span> <span class='ocrx_word' id='word_1_152' title='bbox 1005 2135 1117 2204; x_wconf 90' lang='lat' dir='ltr'><strong>vel</strong></span> <span class='ocrx_word' id='word_1_153' title='bbox 1157 2134 1582 2218; x_wconf 67' lang='lat' dir='ltr'><strong>anguluma</strong></span> <span class='ocrx_word' id='word_1_154' title='bbox 1622 2145 1679 2204; x_wconf 94' lang='grc' dir='ltr'><em>Γ</em></span> <span class='ocrx_word' id='word_1_155' title='bbox 1719 2135 1772 2202; x_wconf 92' lang='grc' dir='ltr'>Β</span> <span class='ocrx_word' id='word_1_156' title='bbox 1828 2133 2074 2219; x_wconf 82' lang='lat' dir='ltr'><strong>angulo</strong></span> <span class='ocrx_word' id='word_1_157' title='bbox 2115 2138 2183 2204; x_wconf 90' lang='lat' dir='ltr'>A</span> <span class='ocrx_word' id='word_1_158' title='bbox 2208 2135 2264 2202; x_wconf 92' lang='grc' dir='ltr'>Β</span> <span class='ocrx_word' id='word_1_159' title='bbox 2295 2147 2352 2206; x_wconf 92' lang='grc' dir='ltr'><em>Γ</em></span> <span class='ocrx_word' id='word_1_160' title='bbox 2409 2131 2654 2221; x_wconf 81' lang='lat' dir='ltr'><strong>aequa-</strong></span> 
     </span>
     <span class='ocr_line' id='line_1_20' title="bbox 526 2242 2655 2331; baseline -0.001 -17"><span class='ocrx_word' id='word_1_161' title='bbox 526 2243 663 2314; x_wconf 88' lang='lat' dir='ltr'><strong>lem</strong></span> <span class='ocrx_word' id='word_1_162' title='bbox 706 2263 877 2312; x_wconf 87' lang='lat' dir='ltr'><strong>esse.</strong></span> <span class='ocrx_word' id='word_1_163' title='bbox 962 2242 1051 2312; x_wconf 87' lang='lat' dir='ltr'><strong>Et</strong></span> <span class='ocrx_word' id='word_1_164' title='bbox 1089 2243 1149 2311; x_wconf 89' lang='lat' dir='ltr'><strong>si</strong></span> <span class='ocrx_word' id='word_1_165' title='bbox 1188 2264 1401 2327; x_wconf 86' lang='lat' dir='ltr'><strong>ponas</strong></span> <span class='ocrx_word' id='word_1_166' title='bbox 1441 2242 1576 2311; x_wconf 89' lang='lat' dir='ltr'><strong>duo</strong></span> <span class='ocrx_word' id='word_1_167' title='bbox 1606 2242 1942 2328; x_wconf 72' lang='lat' dir='ltr'><strong>triangula</strong></span> <span class='ocrx_word' id='word_1_168' title='bbox 1971 2244 2138 2330; x_wconf 86' lang='lat' dir='ltr'><strong>duos</strong></span> <span class='ocrx_word' id='word_1_169' title='bbox 2172 2245 2453 2331; x_wconf 82' lang='lat' dir='ltr'><strong>angulos</strong></span> <span class='ocrx_word' id='word_1_170' title='bbox 2481 2246 2655 2318; x_wconf 85' lang='lat' dir='ltr'><strong>duo-</strong></span> 
     </span>
     <span class='ocr_line' id='line_1_21' title="bbox 530 2338 2650 2450; baseline -0 -28"><span class='ocrx_word' id='word_1_171' title='bbox 530 2354 659 2423; x_wconf 86' lang='lat' dir='ltr'><strong>bus</strong></span> <span class='ocrx_word' id='word_1_172' title='bbox 717 2351 979 2434; x_wconf 82' lang='lat' dir='ltr'><strong>angulis</strong></span> <span class='ocrx_word' id='word_1_173' title='bbox 1038 2352 1385 2437; x_wconf 76' lang='lat' dir='ltr'><strong>aequale8‚</strong></span> <span class='ocrx_word' id='word_1_174' title='bbox 1446 2354 1728 2423; x_wconf 83' lang='lat' dir='ltr'><strong>alterum</strong></span> <span class='ocrx_word' id='word_1_175' title='bbox 1773 2352 2030 2433; x_wconf 58' lang='lat' dir='ltr'><strong>alteri„</strong></span> <span class='ocrx_word' id='word_1_176' title='bbox 2065 2366 2133 2422; x_wconf 87' lang='lat' dir='ltr'><strong>et</strong></span> <span class='ocrx_word' id='word_1_177' title='bbox 2182 2338 2358 2423; x_wconf 81' lang='lat' dir='ltr'><strong>latus</strong></span> <span class='ocrx_word' id='word_1_178' title='bbox 2414 2353 2650 2450; x_wconf 82' lang='lat' dir='ltr'><strong>lateri,</strong></span> 
     </span>
     <span class='ocr_line' id='line_1_22' title="bbox 536 2458 2655 2566; baseline 0.001 -37"><span class='ocrx_word' id='word_1_179' title='bbox 536 2460 716 2547; x_wconf 81' lang='lat' dir='ltr'><strong>quod</strong></span> <span class='ocrx_word' id='word_1_180' title='bbox 756 2463 872 2529; x_wconf 87' lang='lat' dir='ltr'><strong>uni</strong></span> <span class='ocrx_word' id='word_1_181' title='bbox 914 2459 1289 2547; x_wconf 80' lang='lat' dir='ltr'><strong>aequalium</strong></span> <span class='ocrx_word' id='word_1_182' title='bbox 1330 2458 1730 2566; x_wconf 79' lang='lat' dir='ltr'><strong>angulorum</strong></span> <span class='ocrx_word' id='word_1_183' title='bbox 1773 2462 2170 2547; x_wconf 81' lang='lat' dir='ltr'><strong>opponitur,</strong></span> <span class='ocrx_word' id='word_1_184' title='bbox 2217 2463 2489 2547; x_wconf 87' lang='lat' dir='ltr'><strong>aequale</strong></span> <span class='ocrx_word' id='word_1_185' title='bbox 2531 2464 2655 2532; x_wconf 85' lang='lat' dir='ltr'><strong>ha-</strong></span> 
     </span>
     <span class='ocr_line' id='line_1_23' title="bbox 535 2568 2658 2674; baseline 0.001 -37"><span class='ocrx_word' id='word_1_186' title='bbox 535 2568 727 2657; x_wconf 83' lang='lat' dir='ltr'><strong>bere,</strong></span> <span class='ocrx_word' id='word_1_187' title='bbox 798 2568 1127 2674; x_wconf 80' lang='lat' dir='ltr'><strong>reliquum</strong></span> <span class='ocrx_word' id='word_1_188' title='bbox 1188 2584 1448 2649; x_wconf 83' lang='lat' dir='ltr'><strong>autem</strong></span> <span class='ocrx_word' id='word_1_189' title='bbox 1475 2570 1794 2657; x_wconf 81' lang='lat' dir='ltr'><strong>angulum</strong></span> <span class='ocrx_word' id='word_1_190' title='bbox 1865 2568 2120 2654; x_wconf 85' lang='lat' dir='ltr'><strong>reliquo</strong></span> <span class='ocrx_word' id='word_1_191' title='bbox 2192 2571 2658 2656; x_wconf 85' lang='lat' dir='ltr'><strong>inaequalem.</strong></span> 
     </span>
    </p>

    <p class='ocr_par' dir='ltr' id='par_1_11' title="bbox 534 2676 2658 2785">
     <span class='ocr_line' id='line_1_24' title="bbox 534 2676 2658 2785; baseline 0.003 -43"><span class='ocrx_word' id='word_1_192' title='bbox 534 2696 685 2743; x_wconf 86' lang='lat' dir='ltr'><strong>rem</strong></span> <span class='ocrx_word' id='word_1_193' title='bbox 725 2697 889 2747; x_wconf 81' lang='lat' dir='ltr'><strong>sane</strong></span> <span class='ocrx_word' id='word_1_194' title='bbox 944 2676 1426 2764; x_wconf 77' lang='lat' dir='ltr'><strong>impossibilem</strong></span> <span class='ocrx_word' id='word_1_195' title='bbox 1481 2678 1718 2785; x_wconf 77' lang='lat' dir='ltr'><strong>ponis3</strong></span> <span class='ocrx_word' id='word_1_196' title='bbox 1779 2679 1901 2749; x_wconf 82' lang='lat' dir='ltr'><strong>sed</strong></span> <span class='ocrx_word' id='word_1_197' title='bbox 1946 2676 2086 2759; x_wconf 73' lang='lat' dir='ltr'><strong>eius</strong></span> <span class='ocrx_word' id='word_1_198' title='bbox 2130 2681 2456 2763; x_wconf 82' lang='lat' dir='ltr'><strong>suppositi</strong></span> <span class='ocrx_word' id='word_1_199' title='bbox 2495 2702 2658 2763; x_wconf 84' lang='lat' dir='ltr'><strong>pro-</strong></span> 
     </span>
    </p>
   </div>
   <div class='ocr_carea' id='block_1_11' title="bbox 536 2776 2738 2893">
    <p class='ocr_par' dir='ltr' id='par_1_12' title="bbox 536 2776 2738 2893">
     <span class='ocr_line' id='line_1_25' title="bbox 536 2776 2738 2893; baseline 0 -36"><span class='ocrx_word' id='word_1_200' title='bbox 536 2785 793 2857; x_wconf 84' lang='lat' dir='ltr'><strong>ximum</strong></span> <span class='ocrx_word' id='word_1_201' title='bbox 837 2808 1256 2872; x_wconf 82' lang='lat' dir='ltr'><strong>consequens</strong></span> <span class='ocrx_word' id='word_1_202' title='bbox 1300 2788 1467 2873; x_wconf 83' lang='lat' dir='ltr'><strong>erit,</strong></span> <span class='ocrx_word' id='word_1_203' title='bbox 1525 2802 1602 2859; x_wconf 81' lang='lat' dir='ltr'><strong>ut</strong></span> <span class='ocrx_word' id='word_1_204' title='bbox 1657 2787 1859 2856; x_wconf 81' lang='lat' dir='ltr'><strong>etiam</strong></span> <span class='ocrx_word' id='word_1_205' title='bbox 1911 2786 2087 2856; x_wconf 85' lang='lat' dir='ltr'><strong>latus</strong></span> <span class='ocrx_word' id='word_1_206' title='bbox 2128 2787 2321 2857; x_wconf 85' lang='lat' dir='ltr'><strong>lateri</strong></span> <span class='ocrx_word' id='word_1_207' title='bbox 2365 2776 2658 2893; x_wconf 83' lang='lat' dir='ltr'><strong>aequali·</strong></span> <span class='ocrx_word' id='word_1_208' title='bbox 2693 2850 2738 2887; x_wconf 28' lang='grc' dir='ltr'><strong>ο.</strong></span> 
     </span>
    </p>
   </div>
   <div class='ocr_carea' id='block_1_12' title="bbox 536 2893 2661 3527">
    <p class='ocr_par' dir='ltr' id='par_1_13' title="bbox 536 2893 2661 3527">
     <span class='ocr_line' id='line_1_26' title="bbox 536 2893 2658 2983; baseline 0.002 -21"><span class='ocrx_word' id='word_1_209' title='bbox 536 2893 663 2962; x_wconf 88' lang='lat' dir='ltr'><strong>bus</strong></span> <span class='ocrx_word' id='word_1_210' title='bbox 704 2893 963 2965; x_wconf 88' lang='lat' dir='ltr'><strong>duobus</strong></span> <span class='ocrx_word' id='word_1_211' title='bbox 1007 2894 1267 2978; x_wconf 82' lang='lat' dir='ltr'><strong>angulis</strong></span> <span class='ocrx_word' id='word_1_212' title='bbox 1310 2896 1627 2979; x_wconf 72' lang='lat' dir='ltr'><strong>adiacens</strong></span> <span class='ocrx_word' id='word_1_213' title='bbox 1678 2893 2025 2981; x_wconf 81' lang='lat' dir='ltr'><strong>inaequale</strong></span> <span class='ocrx_word' id='word_1_214' title='bbox 2067 2895 2207 2971; x_wconf 76' lang='lat' dir='ltr'><strong>sit:</strong></span> <span class='ocrx_word' id='word_1_215' title='bbox 2293 2897 2466 2982; x_wconf 89' lang='lat' dir='ltr'><strong>quod</strong></span> <span class='ocrx_word' id='word_1_216' title='bbox 2514 2900 2658 2983; x_wconf 88' lang='lat' dir='ltr'><strong>qui-</strong></span> 
     </span>
     <span class='ocr_line' id='line_1_27' title="bbox 536 2998 2655 3096; baseline 0.003 -26"><span class='ocrx_word' id='word_1_217' title='bbox 536 2999 697 3071; x_wconf 80' lang='lat' dir='ltr'><strong>dem</strong></span> <span class='ocrx_word' id='word_1_218' title='bbox 756 2998 931 3071; x_wconf 76' lang='lat' dir='ltr'><strong>illius</strong></span> <span class='ocrx_word' id='word_1_219' title='bbox 986 3006 1312 3096; x_wconf 81' lang='lat' dir='ltr'><strong>suppositi</strong></span> <span class='ocrx_word' id='word_1_220' title='bbox 1370 3003 1974 3091; x_wconf 79' lang='lat' dir='ltr'><strong>impossibilitatem</strong></span> <span class='ocrx_word' id='word_1_221' title='bbox 2021 3005 2328 3075; x_wconf 78' lang='lat' dir='ltr'><strong>nondum</strong></span> <span class='ocrx_word' id='word_1_222' title='bbox 2379 3006 2655 3076; x_wconf 86' lang='lat' dir='ltr'><strong>evincit.</strong></span> 
     </span>
     <span class='ocr_line' id='line_1_28' title="bbox 539 3110 2658 3197; baseline 0.003 -18"><span class='ocrx_word' id='word_1_223' title='bbox 539 3114 681 3179; x_wconf 86' lang='lat' dir='ltr'><strong>Aut</strong></span> <span class='ocrx_word' id='word_1_224' title='bbox 736 3112 794 3181; x_wconf 85' lang='lat' dir='ltr'><strong>si</strong></span> <span class='ocrx_word' id='word_1_225' title='bbox 850 3126 1063 3197; x_wconf 83' lang='lat' dir='ltr'><strong>ponas</strong></span> <span class='ocrx_word' id='word_1_226' title='bbox 1106 3126 1296 3182; x_wconf 84' lang='lat' dir='ltr'><strong>recta</strong></span> <span class='ocrx_word' id='word_1_227' title='bbox 1349 3135 1386 3182; x_wconf 91' lang='lat' dir='ltr'><strong>e</strong></span> <span class='ocrx_word' id='word_1_228' title='bbox 1433 3112 1688 3183; x_wconf 82' lang='lat' dir='ltr'><strong>vertice</strong></span> <span class='ocrx_word' id='word_1_229' title='bbox 1729 3110 2176 3195; x_wconf 74' lang='lat' dir='ltr'><strong>trianguli·ad</strong></span> <span class='ocrx_word' id='word_1_230' title='bbox 2223 3116 2410 3185; x_wconf 85' lang='lat' dir='ltr'><strong>basin</strong></span> <span class='ocrx_word' id='word_1_231' title='bbox 2453 3115 2658 3185; x_wconf 70' lang='lat' dir='ltr'><strong>ducta</strong></span> 
     </span>
     <span class='ocr_line' id='line_1_29' title="bbox 538 3216 2658 3309; baseline 0.001 -20"><span class='ocrx_word' id='word_1_232' title='bbox 538 3218 756 3289; x_wconf 83' lang='lat' dir='ltr'><strong>basim</strong></span> <span class='ocrx_word' id='word_1_233' title='bbox 800 3222 1065 3306; x_wconf 80' lang='lat' dir='ltr'><strong>quidem</strong></span> <span class='ocrx_word' id='word_1_234' title='bbox 1108 3222 1445 3305; x_wconf 82' lang='lat' dir='ltr'><strong>bifariam,</strong></span> <span class='ocrx_word' id='word_1_235' title='bbox 1507 3220 1625 3290; x_wconf 83' lang='lat' dir='ltr'><strong>sed</strong></span> <span class='ocrx_word' id='word_1_236' title='bbox 1687 3216 2094 3305; x_wconf 69' lang='lat' dir='ltr'><strong>triangulum</strong></span> <span class='ocrx_word' id='word_1_237' title='bbox 2149 3224 2248 3291; x_wconf 85' lang='lat' dir='ltr'><strong>in-</strong></span> <span class='ocrx_word' id='word_1_238' title='bbox 2279 3222 2658 3309; x_wconf 80' lang='lat' dir='ltr'><strong>inaequalia</strong></span> 
     </span>
     <span class='ocr_line' id='line_1_30' title="bbox 540 3326 2660 3420; baseline 0.001 -22"><span class='ocrx_word' id='word_1_239' title='bbox 540 3326 790 3420; x_wconf 77' lang='lat' dir='ltr'><strong>dividi3</strong></span> <span class='ocrx_word' id='word_1_240' title='bbox 854 3344 969 3399; x_wconf 86' lang='lat' dir='ltr'><strong>aut</strong></span> <span class='ocrx_word' id='word_1_241' title='bbox 1020 3336 1077 3403; x_wconf 87' lang='lat' dir='ltr'><strong>si</strong></span> <span class='ocrx_word' id='word_1_242' title='bbox 1128 3335 1319 3403; x_wconf 88' lang='lat' dir='ltr'><strong>basin</strong></span> <span class='ocrx_word' id='word_1_243' title='bbox 1356 3328 1644 3415; x_wconf 86' lang='lat' dir='ltr'><strong>-quidem</strong></span> <span class='ocrx_word' id='word_1_244' title='bbox 1681 3332 1758 3401; x_wconf 78' lang='lat' dir='ltr'><strong>-iu</strong></span> <span class='ocrx_word' id='word_1_245' title='bbox 1795 3329 2215 3417; x_wconf 80' lang='lat' dir='ltr'><strong>inaequalia,</strong></span> <span class='ocrx_word' id='word_1_246' title='bbox 2285 3334 2660 3403; x_wconf 75' lang='lat' dir='ltr'><strong>sed-&#39;trian-</strong></span> 
     </span>
     <span class='ocr_line' id='line_1_31' title="bbox 540 3430 2661 3527; baseline 0.002 -20"><span class='ocrx_word' id='word_1_247' title='bbox 540 3438 773 3522; x_wconf 79' lang='lat' dir='ltr'><strong>gulum</strong></span> <span class='ocrx_word' id='word_1_248' title='bbox 816 3444 887 3508; x_wconf 88' lang='lat' dir='ltr'><strong>in</strong></span> <span class='ocrx_word' id='word_1_249' title='bbox 928 3430 1227 3526; x_wconf 83' lang='lat' dir='ltr'><strong>aequalia</strong></span> <span class='ocrx_word' id='word_1_250' title='bbox 1272 3435 1512 3516; x_wconf 82' lang='lat' dir='ltr'><strong>dividi:</strong></span> <span class='ocrx_word' id='word_1_251' title='bbox 1571 3438 1880 3521; x_wconf 76' lang='lat' dir='ltr'><strong>proxime</strong></span> <span class='ocrx_word' id='word_1_252' title='bbox 1924 3451 2406 3527; x_wconf 75' lang='lat' dir='ltr'><strong>consequetur,</strong></span> <span class='ocrx_word' id='word_1_253' title='bbox 2437 3455 2541 3509; x_wconf 67' lang='lat' dir='ltr'><strong>:ut</strong></span> <span class='ocrx_word' id='word_1_254' title='bbox 2575 3464 2661 3511; x_wconf 85' lang='lat' dir='ltr'><strong>ea</strong></span> 
     </span>
    </p>
   </div>
   <div class='ocr_carea' id='block_1_13' title="bbox 490 3539 2717 3742">
    <p class='ocr_par' dir='ltr' id='par_1_14' title="bbox 490 3539 2717 3742">
     <span class='ocr_line' id='line_1_32' title="bbox 490 3539 2717 3651; baseline 0 -34"><span class='ocrx_word' id='word_1_255' title='bbox 490 3584 493 3590; x_wconf 95' lang='lat'>·</span> <span class='ocrx_word' id='word_1_256' title='bbox 538 3560 731 3617; x_wconf 82' lang='lat' dir='ltr'><strong>reeta</strong></span> <span class='ocrx_word' id='word_1_257' title='bbox 781 3549 927 3619; x_wconf 87' lang='lat' dir='ltr'><strong>basi</strong></span> <span class='ocrx_word' id='word_1_258' title='bbox 984 3551 1106 3623; x_wconf 86' lang='lat' dir='ltr'><strong>sub</strong></span> <span class='ocrx_word' id='word_1_259' title='bbox 1164 3542 1427 3651; x_wconf 78' lang='lat' dir='ltr'><strong>angulis</strong></span> <span class='ocrx_word' id='word_1_260' title='bbox 1469 3539 2282 3633; x_wconf 74' lang='lat' dir='ltr'><strong>deinoops&#39;inaequalibus</strong></span> <span class='ocrx_word' id='word_1_261' title='bbox 2325 3570 2448 3620; x_wconf 84' lang='lat' dir='ltr'><strong>seu</strong></span> <span class='ocrx_word' id='word_1_262' title='bbox 2489 3549 2670 3619; x_wconf 50' lang='lat' dir='ltr'><strong>obli*-</strong></span> <span class='ocrx_word' id='word_1_263' title='bbox 2706 3621 2717 3630; x_wconf 61' lang='grc'><strong>,</strong></span> 
     </span>
     <span class='ocr_line' id='line_1_33' title="bbox 544 3654 2668 3742; baseline -0 -16"><span class='ocrx_word' id='word_1_264' title='bbox 544 3658 691 3741; x_wconf 83' lang='lat' dir='ltr'><strong>quis</strong></span> <span class='ocrx_word' id='word_1_265' title='bbox 732 3656 1039 3727; x_wconf 84' lang='lat' dir='ltr'><strong>insistat:</strong></span> <span class='ocrx_word' id='word_1_266' title='bbox 1107 3679 1195 3727; x_wconf 82' lang='lat' dir='ltr'><strong>ex</strong></span> <span class='ocrx_word' id='word_1_267' title='bbox 1237 3676 1367 3739; x_wconf 87' lang='lat' dir='ltr'><strong>quo</strong></span> <span class='ocrx_word' id='word_1_268' title='bbox 1409 3654 1706 3724; x_wconf 84' lang='lat' dir='ltr'><strong>nondum</strong></span> <span class='ocrx_word' id='word_1_269' title='bbox 1743 3657 1981 3741; x_wconf 84' lang='lat' dir='ltr'><strong>liquet,</strong></span> <span class='ocrx_word' id='word_1_270' title='bbox 2041 3657 2221 3742; x_wconf 86' lang='lat' dir='ltr'><strong>quod</strong></span> <span class='ocrx_word' id='word_1_271' title='bbox 2263 3670 2490 3727; x_wconf 81' lang='lat' dir='ltr'><strong>tamen</strong></span> <span class='ocrx_word' id='word_1_272' title='bbox 2525 3658 2668 3727; x_wconf 58' lang='lat' dir='ltr'><strong>uti«</strong></span> 
     </span>
    </p>
   </div>
   <div class='ocr_carea' id='block_1_14' title="bbox 546 3764 2290 3855">
    <p class='ocr_par' dir='ltr' id='par_1_15' title="bbox 546 3764 2290 3855">
     <span class='ocr_line' id='line_1_34' title="bbox 546 3764 2290 3855; baseline 0.002 -24"><span class='ocrx_word' id='word_1_273' title='bbox 546 3782 675 3849; x_wconf 87' lang='lat' dir='ltr'><strong>que</strong></span> <span class='ocrx_word' id='word_1_274' title='bbox 698 3786 953 3835; x_wconf 78' lang='lat' dir='ltr'><strong>verum</strong></span> <span class='ocrx_word' id='word_1_275' title='bbox 994 3777 1166 3855; x_wconf 70' lang='lat' dir='ltr'><strong>est,¹</strong></span> <span class='ocrx_word' id='word_1_276' title='bbox 1198 3764 1618 3851; x_wconf 80' lang='lat' dir='ltr'><strong>suppositum</strong></span> <span class='ocrx_word' id='word_1_277' title='bbox 1657 3764 2070 3851; x_wconf 73' lang='lat' dir='ltr'><strong>impossibile</strong></span> <span class='ocrx_word' id='word_1_278' title='bbox 2115 3786 2290 3843; x_wconf 74' lang='lat' dir='ltr'><strong>esse.</strong></span> 
     </span>
    </p>
   </div>
  </div>
 </body>
</html>
