2838 4673
364 265 370 286 ³
488 244 631 344 296
696 244 889 324 Cae,
952 246 1045 323 V.
1090 243 1161 318 T
1154 229 1371 322 h'eon·
1454 241 1522 318 I.
1577 193 1826 318 Eleniss
1913 238 2236 341 ejusque
2298 244 2643 318 consent.
2719 221 2734 322 ss

426 443 431 449 ⁵
475 464 595 534 tici
640 465 1514 565 adjacentia0ab55caindant·:
1584 484 1706 531 eae
1748 461 2130 547 inaequalia
2173 451 2698 542 terminabunt]

473 573 843 660 triangula,
904 596 1192 659 quorum
1248 574 1472 656 majus
1533 575 1686 658 erit,
1734 573 1914 657 quod
1955 573 2200 656 majori
2227 583 2640 656 ‘segmento-

470 705 627 750 rum
667 683 1126 776 inaequalium
1170 681 1483 773 adjacett,
1529 695 1596 752 et
1631 685 1706 750 in
1735 685 2078 753 ‘extremis
2117 698 2636 765 segmentorum

398 821 419 832 -
448 791 854 876 aequalium
896 792 1158 861 facient
1200 791 1488 875 angulos
1530 795 1839 862 internos
1883 791 2302 884 inaequales,
2351 816 2638 878 quorum

469 903 689 984 major
760 903 892 970 erit
968 903 1053 991 is,
1110 903 1223 1036 qui
1282 904 1530 985 majori
1600 901 2060 988 inaequalium
2102 915 2635 985 segmentorum

470 1014 859 1096 opponitur.
2293 1035 2298 1044 ’

761 1125 912 1194 Sint
954 1144 995 1188 a
1047 1121 1311 1190 duobus
1356 1124 1568 1190 rectis
1631 1114 1950 1212 angulum
2009 1122 2120 1198 ad.
2195 1124 2264 1190 A
2321 1141 2637 1206 compre-

497 1211 647 1286 17¹9
685 1231 1142 1300 hendentibus
1192 1233 1497 1300 abscissa
1537 1231 1698 1300 inde
1761 1255 1803 1300 a
1871 1234 2134 1300 vertice
2174 1229 2236 1302 A'
2277 1245 2635 1315 segmenta

518 1303 636 1356 107.

502 1397 565 1436 a
586 1381 645 1467 5
676 1326 983 1425 aequalia
1026 1341 1185 1425 AB,
1231 1342 1391 1426 AC,
1440 1355 1510 1410 et
1549 1345 1632 1411 ab
1665 1341 1910 1410 horum
1943 1343 2276 1412 extremis
2319 1340 2399 1428 B,
2447 1343 2502 1411 C
2543 1341 2634 1410 ad

671 1450 971 1518 alternas
1014 1465 1243 1520 rectas
1288 1451 1535 1521 duetae
1577 1455 1760 1522 intra
1801 1445 2016 1522 illum
2037 1451 2364 1535 angulum
2397 1464 2630 1521 rectae

463 1560 627 1646 BD,
660 1561 822 1628 -CE
863 1561 1257 1644 ,inaequalia
1300 1559 1711 1632 abscindant
1753 1543 2112 1648 segmenta
2155 1562 2412 1632 vertici
2445 1562 2632 1658 adja-

462 1673 729 1743 centia
746 1672 939 1756 AD,
1002 1673 1182 1740 AE:
1248 1684 1452 1739 erunt
1511 1673 1854 1754 triangula
1898 1670 2137 1758 ABD,
2183 1675 2400 1742 ACE
2442 1675 2629 1745 inae-
2715 1721 2726 1734 ,

460 1763 710 1868 qualia,
758 1782 976 1862 majus
1023 1780 1295 1864 quidem
1340 1781 1529 1863 illud,
1576 1782 1755 1866 quod
1799 1784 2044 1866 ma'jori
2087 1795 2446 1867 segmento
2487 1785 2626 1855 AD

448 1889 755 1976 adiacet,
800 1877 1063 1980 AB.;D
1113 1905 1182 1958 et
1236 1890 1469 1972 anguli
1513 1892 1764 1978 ABD,
1809 1889 2024 1992 Α(οΕ
2077 1891 2496 1978 inaequales,
2559 1883 2627 1962 et
2701 1972 2704 1975 ,

456 2002 679 2080 major
752 2000 835 2085 is,
912 2001 1049 2086 qui
1088 2003 1331 2082 majori
1388 2001 1534 2068 AD
1593 2016 2109 2084 segmentorum
2168 2002 2624 2089 inaequalium

460 2108 853 2192 opponitur,
896 2109 1033 2176 AB
1058 2110 1137 2176 D
2256 2135 2266 2140 ·

622 2211 1201 2284 Theoremati
1244 2217 1657 2289 XXXVIII.
1707 2227 1797 2308 (§.
1841 2224 1988 2304 76.)
2031 2213 2207 2294 hofiz

578 2325 692 2408 Si
732 2327 913 2394 intra
958 2324 1298 2407 angulum
1327 2350 1367 2395 a
1414 2327 1679 2399 duobus
1723 2352 2004 2400 crurum
2041 2338 2310 2418 punctis
2343 2335 2426 2403 ab
2459 2335 2622 2417 ‘ejus

452 2442 718 2505 vertice
778 2456 996 2521 aeque
1047 2436 1454 2507 distantibus
1501 2440 1586 2507 ad
1632 2439 1762 2509 alia
1817 2442 1950 2510 duo
1998 2466 2274 2511 crurum
2321 2443 2624 2513 alterno-

344 2578 347 2583 ·
449 2568 606 2613 rum
654 2557 911 2630 puncta
965 2546 1053 2621 ab
1098 2547 1361 2645 vertice
1421 2550 1872 2635 inaequaliter
1914 2552 2236 2621 distantia
2275 2554 2620 2637 ducantur
2724 2637 2728 2649 .

451 2656 627 2731 duae
668 2668 935 2727 rectae:
984 2671 1107 2723 'eae
1148 2657 1536 2743 inaequalia
1565 2663 2044 2731 terminabunt)
2073 2664 2420 2746 triangula
2461 2687 2622 2733 ver·

449 2764 570 2833 tici
614 2744 1029 2853 adjacentia,
1090 2770 1309 2849 majus
1354 2770 1628 2853 quidem
1673 2792 1796 2856 ea,
1854 2794 2026 2855 quae
2073 2772 2160 2841 ad
2201 2787 2530 2857 punctum
2577 2796 2619 2843 a

423 2876 709 2953 ‚vertice
756 2872 1103 2945 remotius
1130 2878 1336 2946 ducta
1380 2891 1526 2971 est3
1576 2893 1645 2947 et
1687 2880 2154 2965 inaequalibus
2202 2883 2528 2967 angulis
2509 2908 2618 2951 ιη-

448 2986 663 3053 ternis
722 2985 809 3053 ad
853 3008 1057 3055 crura
1099 2988 1169 3053 in
1230 2992 1502 3077 punctis
1556 3013 1596 3057 a
1639 2991 1899 3059 veitice
1945 3014 2160 3077 aeque
2206 2992 2615 3061 distantibus
2695 2993 2704 3001 ’

444 3092 1045 3182 inclinabuntur,
1068 3098 1323 3203 majori
1376 3100 1649 3185 quidem
1704 3120 1833 3196 ea,
1897 3122 2072 3185 quae
2137 3100 2254 3169 ad
2283 3102 2619 3169 remotius

405 3216 780 3287 ‘punctum
824 3205 1029 3274 dueta
1074 3219 1201 3277 est.

1385 3382 1446 3464 §-
1507 3384 1656 3447 223.

608 3534 1191 3609 Theoremati
1228 3510 1916 3631 XL1.(§.7e.)h00
1946 3546 2390 3630 respondebit
2433 3570 2621 3655 con-
2636 3536 2664 3565 *

440 3647 857 3714 trarium:

546 3790 553 3797 ε
607 3742 677 3822 Si
752 3758 1063 3827 cruribus
1144 3756 1467 3840 trianguli
1537 3762 1961 3848 aequicruris
2033 3764 2416 3872 inaequalia
2471 3765 2612 3833 duo

348 3868 356 3881 '
438 3830 603 3932 inde
648 3886 687 3933 a
730 3869 989 3935 vertice
1034 3868 1340 3937 abscissa
1380 3870 1637 3955 fuerint
1691 3884 2074 3963 segmenta,
2123 3886 2192 3941 et
2233 3898 2324 3943 ex
2369 3897 2615 3944 eoium

400 3441 419 3473 ⁸
