2838 4673
2137 52 2168 99 ἱ

372 220 378 225 ·
416 179 422 188 ’
460 198 604 291 144
636 198 831 273 CAP-
856 152 995 273 IV.
1022 198 1156 273 Ex
1187 189 1710 273 Theoremate
1727 148 1997 293 primo
2017 194 2610 305 Elementorum

322 410 335 419 ²
378 502 385 507 ,
452 426 628 495 duae
670 434 904 493 rectae
948 418 1263 507 aequales
1294 381 1702 503 aequalibus
1749 417 2019 501 angulis
2082 418 2379 516 alternis
2413 422 2614 491 ineli-

450 549 655 618 natae
704 534 883 617 sint,
961 552 1098 598 una
1154 528 1458 614 quidem
1462 530 1550 596 in
1596 528 1748 613 ipso
1789 529 1936 610 ejus
1983 521 2337 618 extremo,
2404 528 2614 603 altera

449 666 623 713 vero
678 644 749 710 in
812 638 947 707 alio
1005 641 1215 723 ipsius
1260 651 1563 725 puncto3
1628 651 1697 707 et
1742 658 1836 707 ex
1875 638 2276 723 posterioris
2320 646 2611 719 termino

336 842 343 853 ἱ
452 755 542 825 ad
578 752 869 837 dietum
895 761 1281 818 extremum
1343 747 1552 819 ducta
1612 749 1702 817 sit
1761 746 1941 817 linea
2011 761 2241 817 reeta:
2305 767 2616 855 oporteat
2727 760 2784 806 ,·

448 866 611 935 huie
678 856 1031 945 aequalem
1093 870 1359 927 rectam
1431 881 1522 927 ex
1591 856 1842 945 prioris
1896 857 2262 927 inclinatae
2299 865 2612 951 termino

451 975 541 1047 ad
583 972 813 1042 datam
854 968 1199 1055 positione
1245 982 1512 1037 rectam
1553 968 1830 1040 ducere.
1929 990 1971 1033 ς

854 1079 957 1149 Sit
998 1079 1339 1170 positione
1384 1076 1556 1146 data
1601 1082 1668 1146 A
1703 1076 1821 1146 B
1799 1102 1872 1145 ιιι
1919 1092 2232 1155 extremo
2276 1058 2341 1151 A
2383 1087 2615 1153 termi-

398 1238 405 1247 -
480 1158 636 1235 Fiq
684 1204 889 1280 nata3
969 1201 1039 1257 et
1112 1184 1201 1257 ad
1259 1210 1446 1288 eam,
1524 1187 1610 1255 ad
1695 1181 2003 1287 diversas
2071 1189 2341 1274 quidem
2401 1186 2610 1279 ipsius

514 1260 600 1319 72.
685 1314 933 1386 partes
934 1347 957 1387 ‚
1001 1262 1381 1385 inclinatae
1413 1299 1552 1370 sint
1593 1297 1766 1368 duae
1809 1312 2045 1368 rectae
2087 1280 2406 1385 aequales
2447 1304 2610 1392 AG,
2695 1340 2700 1347 ·

444 1424 593 1489 DE
632 1412 761 1480 sub
804 1407 1198 1494 aequalibus
1244 1402 1512 1489 angulis
1555 1402 1795 1495 ΒΑΕ,
1843 1418 2106 1499 ADE3
2150 1419 2284 1483 AC
2343 1404 2612 1507 quidem

446 1524 519 1593 in
561 1517 711 1606 ipsd
757 1530 1070 1589 extremo
1116 1520 1221 1603 A,
1278 1529 1340 1589 D
1367 1529 1426 1587 E
1467 1539 1632 1583 vero
1674 1518 1748 1587 in
1791 1517 1922 1586 alio
1965 1521 2178 1621 ipsius
2233 1525 2301 1590 A
2332 1521 2385 1589 B
2439 1530 2611 1607 pun..

448 1646 561 1701 oto
603 1632 707 1719 D·
763 1642 833 1697 et
874 1627 1080 1696 dueta
1143 1648 1233 1695 ex
1294 1624 1698 1711 posterioris
1760 1626 2054 1697 termino
2117 1616 2180 1697 E
2237 1630 2325 1699 ad
2383 1645 2613 1703 extre-

227 1722 234 1729 *
337 1783 345 1790 ’
445 1763 635 1814 mum
676 1739 933 1809 dictum
977 1746 1039 1809 A
1080 1739 1171 1806 sit
1230 1749 1425 1805 recta
1463 1744 1651 1809 EA:
1708 1749 2026 1821 oporteat
2081 1760 2173 1809 ex
2236 1751 2492 1832 puncto
2558 1736 2614 1810 C

436 1842 534 1923 ‘ad
604 1859 869 1922 rectam
936 1850 1003 1917 A
1048 1846 1103 1915 Β
1182 1820 1437 1917 dncere
1505 1857 1768 1916 rectam
1834 1847 2062 1966 priori.
2122 1848 2369 1918 ductae
2451 1848 2512 1919 E
2550 1852 2617 1923 A

448 1960 825 2047 aequalem.
941 2027 950 2036 ,
2589 2020 2595 2025 .

508 2132 513 2136 ,
608 2072 955 2153 sungatur
1000 2077 1172 2138 CD:
1238 2060 1395 2133 dico
1454 2062 1731 2132 factum.
1817 2051 1921 2135 Ea
1983 2068 2165 2137 enim
2228 2090 2318 2138 ex
2335 2083 2608 2155 puncto

448 2178 504 2249 G
546 2178 633 2246 ad
672 2190 941 2257 rectam
983 2177 1047 2243 A
1072 2173 1123 2241 B
1168 2173 1375 2243 ducta
1421 2186 1562 2263 est,
1609 2188 1678 2243 et
1737 2175 2037 2261 aequalis
2099 2190 2206 2248 est
2245 2174 2376 2264 ipsi
2419 2176 2478 2249 E
2515 2184 2604 2270 A,

444 2310 571 2376 per
603 2286 721 2366 ΕΙ.
766 2308 961 2374 prop.
1010 2287 1070 2354 4.

612 2400 778 2468 Pro
801 2395 1076 2464 blema
1138 2362 1361 2467 XLII}
1435 2367 1661 2464 Datis
1743 2391 1986 2466 nedem
2002 2444 2024 2485 ,
2119 2407 2292 2482 quae
2379 2361 2608 2484 prins:

444 2519 766 2592 oporteat
807 2528 897 2575 ex
939 2504 1189 2588 prioris
1230 2485 1597 2591 inelinatae
1643 2501 1932 2574 termino
1977 2501 2062 2574 ad
2105 2492 2444 2591 positione
2489 2501 2614 2578 da-

446 2629 591 2684 tam
635 2615 887 2685 du'eere
930 2626 1193 2683 rectam
1217 2662 1237 2698 ‚
1293 2634 1465 2708 quae
1508 2605 1926 2698 triangulum
1968 2619 2291 2696 terminet
2330 2614 2617 2704 aequale

446 2723 789 2810 triangulo
837 2722 942 2810 ei,
988 2723 1169 2810 quod
1213 2727 1403 2808 prior
1445 2717 1652 2792 dueta
1695 2724 2037 2794 terminat

615 2839 795 2906 Data
834 2837 975 2906 sint
1018 2833 1259 2901 eadem
1284 2880 1305 2922 ‚
1344 2855 1516 2917 quae
1559 2835 1786 2918 prius:
1853 2847 1924 2904 et
1979 2857 2071 2903 ex
2110 2808 2368 2921 puncto
2425 2835 2481 2908 C
2525 2831 2620 2908 ad.

444 2955 711 3032 rectam
749 2947 817 3013 A
843 2944 896 3012 B
941 2955 1257 3031 oporteat
1299 2931 1552 3010 ducere
1583 2955 1928 3032 rectam,
1973 2967 2144 3030 quae
2200 2946 2624 3066 ιιίειιιειιΙιιιιι

447 3052 773 3126 terminet
809 3048 1095 3140 aequale
1133 3049 1480 3135 triangulo
1523 3059 1581 3122 A
1608 3062 1666 3121 E
1694 3064 2374 3124 D..
2409 3109 2418 3118 .

609 3159 953 3248 Jungatur
995 3173 1169 3235 CD:
1229 3161 1382 3229 dieo
1429 3151 1706 3229 factum.
1797 3157 1897 3232 Ea
1962 3160 2144 3234 enim
2201 3187 2292 3235 ex
2341 3177 2622 3252 puncto
2690 3237 2704 3244 ,

450 3275 523 3342 C
551 3273 637 3341 ad
692 3285 956 3342 rectam
1010 3280 1151 3342 AB
1210 3260 1467 3338 ducta
1479 3281 1624 3354 est,
1693 3281 1762 3338 et
1818 3245 2138 3344 terminat
2193 3269 2622 3358 triangulum

446 3393 507 3455 A
535 3395 585 3456 C
623 3396 685 3456 D
730 3380 1013 3468 aequale
1056 3376 1398 3460 triangulo
1445 3380 1509 3446 A
1539 3377 1598 3446 E
1633 3371 1721 3464 Β,
1766 3401 1891 3465 per
1932 3381 2034 3452 El.
2081 3405 2280 3468 prop.
2323 3387 2400 3456 4.
2685 3453 2702 3466 ,

612 3483 1082 3560 Probsema
1149 3485 1275 3556 XL
1279 3477 1403 3555 11'1.
1507 3487 1702 3558 Datis
1772 3491 2050 3578 iisdem,
2124 3515 2328 3578 quae
2373 3495 2622 3596 prius·

450 3613 781 3687 oporteat.
810 3597 897 3666 ad
939 3597 1241 3685 priorem
1283 3591 1736 3668 inclinatam
1718 3621 1784 3668 ιιι
1854 3601 2065 3700 ipsius
2111 3602 2430 3688 termino
2446 3625 2627 3671 con-

446 3713 741 3798 stituere
766 3703 1091 3790 angulum
1122 3695 1552 3814 rectilineum
1591 3705 1943 3797 aequalem
1983 3710 2069 3797 ei,
2115 3708 2232 3795 qui
2265 3712 2338 3822 in
2359 3705 2634 3796 poste-

2323 3821 2534 3902 itioris
