2838 4673
486 202 627 327 3αᾷ
673 238 875 326 ἀπ’.
918 185 1131 326 Vlil,
1184 226 1470 366 Thoar.
1521 245 1586 322 Ι.
1629 243 1876 320 Ele'm.
1913 232 2236 346 'ejusque
2275 183 2609 320 consec-t.

896 467 1041 538 Sint
1111 465 1337 557 enim,
1398 465 1476 557 si
1539 467 1684 534 fieri
1759 476 2022 550 potest,
2088 464 2223 535 duo
2289 439 2616 548 triangula

536 561 683 640 qu·
732 577 796 646 A
829 575 881 644 Β
918 578 1007 661 O,
1071 578 1129 646 D
1165 577 1219 644 B
1252 577 1307 645 C
1372 576 1594 644 eidem
1639 575 1783 642 basi
1821 573 1876 642 B
1911 575 1964 642 C
2025 573 2124 642 ad
2157 574 2431 643 easdem
2469 593 2620 662 par-

540 655 693 746 ²³⁴·
732 699 835 755 tes
886 683 1303 773 insistentia,
1382 706 1554 770 quae
1595 663 1889 752 habeant
1928 681 2145 750 latera
2183 683 2238 750 B
2279 683 2388 770 A,
2461 683 2525 749 A
2563 682 2616 750 C

486 801 807 872 lateribus
850 800 903 870 B
932 801 1027 888 D,
1090 800 1267 887 DC,
1334 801 1622 870 alterum
1667 801 1897 887 alteri,
1970 799 2318 890 aequal-ia,
2379 811 2449 869 et
2505 819 2621 866 an-

486 911 721 996 gulum
772 911 825 980 B
860 913 926 980 A
962 911 1030 1008 C!
1074 909 1327 993 angulo
1386 911 1440 979 Β
1489 913 1548 980 D
1589 921 1638 985 C
1703 908 2072 995 aequalem.
2185 909 2277 977 Et
2333 929 2458 993 per
2511 905 2617 976 El.

446 1044 677 1107 ‚prop.
722 1019 781 1089 4.
828 1021 957 1087 erit
999 1017 1286 1102 angulus
1329 1021 1395 1086 A
1426 1019 1480 1088 B
1512 1021 1564 1087 C
1605 1016 1856 1102 angulo
1899 1019 1959 1086 D
1985 1019 2114 1088 BC
2155 1015 2476 1102 aequa-lis,
2520 1027 2622 1082 to-

486 1143 628 1198 tum
672 1140 740 1197 et
780 1149 974 1214 pars,
1024 1127 1199 1212 quod
1246 1127 1395 1196 fieri
1435 1129 1695 1214 nequit.
1782 1127 1943 1195 Non
1986 1147 2154 1207 ergo
2195 1127 2346 1194 fieri
2383 1137 2624 1209 potest,

470 1250 560 1316 ,ut
610 1237 831 1310 eidem
882 1237 1029 1309 basi
1085 1238 1405 1336 insistant
1463 1237 1600 1306 duo
1657 1231 1995 1319 triangula
2048 1233 2171 1306 sub
2217 1234 2418 1304 dictis
2462 1255 2620 1304 con-

490 1347 883 1418 ditionibus».

574 1501 579 1508 -
650 1425 849 1525 Cas.
914 1453 1005 1536 ΙΙ.
1068 1454 1508 1540 consequitur
1563 1476 1656 1524 ex
1699 1473 1814 1539 eo,
1860 1451 2056 1540 ,quod
2102 1456 2248 1536 jam
2302 1475 2510 1538 supra
2559 1460 2618 1541 ᾗ,

238 1549 249 1558 ’
370 1633 379 1644 ,
481 1572 632 1636 322.
685 1563 816 1634 suit
856 1563 1269 1634 indicatum:
1340 1562 1619 1632 Duabus
1689 1565 1897 1634 rectis
1965 1562 2427 1659 inaequalibus
2486 1583 2622 1630 non

478 1663 768 1758 p'o'ssunt
806 1687 881 1743 ut
922 1675 1196 1745 basibus
1241 1678 1379 1750 etc‘.
1461 1671 1594 1744 Sed
1649 1672 2028 1758 propositio
2089 1663 2212 1756 nro
2267 1672 2402 1742 hoe
2447 1671 2622 1740 Casu

482 1781 1263 1878 aliquanto*generalius
1310 1785 1409 1852 sie
1451 1781 1914 1865 exprimeturx
2715 1776 2722 1783 ’

648 1892 718 1974 Si
756 1893 828 1960 in
870 1891 1017 1960 basi
1060 1883 1385 1974 trianguli
1428 1903 1736 1958 sumatur
1777 1901 2204 1972 segmentum
2230 1933 2252 1973 ,
2319 1889 2429 1960 vel
2486 1916 2621 1961 uno

483 2003 1036 2071 basis-extremo
1103 2013 1170 2066 et
1229 2011 1488 2084 puncto
1551 1992 1982 2066 intermedio·
2019 1996 2092 2078 in
2151 1990 2300 2082 ipsa'
2331 2013 2622 2088 'sumto,

484 2107 596 2178 vel
640 2104 900 2176 duobus
943 2107 1213 2191 punctis
1256 2105 1676 2175 intermediis
1721 2106 1791 2173 in
1831 2109 1982 2191 ipsa
2023 2107 2260 2175 sumtis
2295 2108 2628 2196 intereep-

488 2231 664 2297 tum:
728 2202 866 2283 ιιοῖι
923 2225 1150 2299 potest
1204 2213 1299 2282 illi
1364 2211 1758 2300 segmentO,
1821 2227 1898 2281 ut
1956 2215 2138 2304 basi,
2209 2215 2295 2284 ad
2349 2217 2630 2288 easdem

488 2348 643 2397 eum
685 2321 1024 2407 triangulo
1069 2335 1186 2393 aut
1228 2322 1534 2393 diversas
1577 2340 1843 2411 partes,
1907 2323 2223 2395 insistere
2283 2322 2462 2395 aliud
2507 2331 2632 2396 tri·
2739 2397 2749 2404 ,

465 2432 809 2517 ungulum
868 2432 1127 2503 habens
1181 2432 1396 2502 latera
1453 2456 1575 2502 sua
1621 2433 1943 2505 lateribus
1987 2436 2275 2523 prioris,
2337 2434 2630 2506 alterum

490 2543 719 2628 alteri,
776 2540 1118 2627 aequalia,
1179 2553 1248 2610 et
1290 2543 1613 2627 angulum
1657 2543 1742 2613 ad
1784 2545 2113 2612 verticem
2156 2544 2425 2673 angulo
2447 2542 2631 2633 prio·

490 2653 583 2722 ris
630 2650 715 2723 ad
757 2652 1085 2720 verticem
1130 2650 1503 2735 aequalem.
1589 2650 1602 2667 ⁸

812 2760 894 2831 In
919 2741 1251 2841 trianguli
1310 2760 1452 2829 AB
1487 2762 1540 2830 C
1582 2760 1729 2831 basi
1771 2758 1823 2827 B
1853 2758 1909 2828 C
1950 2775 2256 2831 sumatur
2309 2786 2634 2847 segmen·
2728 2831 2735 2838 .

536 2848 681 2925 ¹⁹²9·
738 2882 880 2937 tum
944 2869 1395 2952 interceptum
1457 2880 1573 2939 aut
1629 2870 1812 2938 basis
1871 2885 2184 2941 extremo
2241 2884 2309 2938 et
2365 2886 2632 2956 puncto
2709 2852 2716 2859 .

491 2940 736 3005 ¹⁸⁵⁰*
773 2975 1235 3045 intermedio
1216 3000 1299 3045 ιιι
1328 2980 1478 3062 ipsa
1519 2990 1784 3064 sumto,
1848 2992 1924 3047 ut
1965 2979 2016 3049 B
2045 2980 2144 3069 E·
2207 2992 2326 3049 aut
2361 2981 2634 3057 duobus

491 3077 759 3186 punctis
828 3086 1251 3156 intermediis
1318 3088 1391 3155 in
1459 3088 1610 3172 ipsa
1687 3087 1963 3175 sumtis,
2026 3100 2104 3157 ut
2157 3090 2214 3157 D
2259 3088 2367 3161 E't
2453 3092 2632 3161 Dico

492 3204 631 3263 non
672 3212 873 3281 posse
916 3189 1011 3265 illi
1053 3208 1407 3279 segmento
1452 3208 1526 3262 ut
1575 3185 1758 3277 basi,
1823 3196 1911 3264 ad
1965 3196 2238 3266 easdem
2294 3220 2450 3269 cum
2509 3202 2657 3271 tri--

490 3302 741 3389 angulo
795 3313 913 3371 aut
964 3302 1271 3373 diversas
1325 3317 1554 3388 partes
1607 3305 1926 3374 insisteie
1977 3306 2386 3389 triangulum
2443 3307 2638 3379 aliud

486 3410 617 3483 BF
636 3413 695 3483 E
738 3410 851 3480 vel
893 3410 1129 3499 DFE,
1178 3409 1434 3480 habens
1476 3409 1692 3483 latera
1733 3436 1853 3484 sua
1897 3414 2224 3483 lateribus
2267 3416 2423 3497 BA,
2468 3421 2640 3501 AG,

372 3556 375 3558 “
490 3520 778 3595 alterum
838 3518 1075 3606 alteri,
1138 3516 1481 3611 aequalia·
1549 3534 1618 3591 et
1670 3521 2008 3607 angulum
2053 3523 2139 3592 ad
2200 3528 2536 3597 verticem
2579 3527 2636 3596 F

340 3626 351 3635 '
392 3716 397 3720 .
491 3629 740 3713 angulo
785 3628 897 3699 ad
910 3629 1259 3699 ves-tieem
1277 3630 1343 3695 A
1378 3628 1746 3715 aequalem.
1831 3650 1865 3673 ‘-

584 3738 859 3806 Foret
914 3739 1093 3807 enim
1147 3756 1273 3821 per
1310 3736 1421 3809 ΕΙ.
1463 3761 1661 3825 prop.
1709 3742 1776 3812 4.
1839 3741 2044 3809 etiam
2081 3741 2264 3813 basis
2306 3740 2360 3809 B
2394 3740 2456 3811 E
2513 3740 2643 3811 vel

494 3844 557 3917 D
584 3844 645 3917 E
699 3846 847 3916 basi
903 3845 957 3913 B
986 3844 1041 3913 C
1102 3845 1443 3957 &aequaliffi
1507 3868 1668 3959 pan
1723 3849 1892 3940 toti{
1956 3848 2136 3934 quod
2176 3851 2326 3921 fieri
2365 3853 2642 3937 nequit.
2751 3882 2756 3890 ·
