<?xml version="1.0" encoding="UTF-8"?>
<!DOCTYPE html PUBLIC "-//W3C//DTD XHTML 1.0 Transitional//EN"
    "http://www.w3.org/TR/xhtml1/DTD/xhtml1-transitional.dtd">
<html xmlns="http://www.w3.org/1999/xhtml" xml:lang="en" lang="en">
 <head>
  <title>
</title>
<meta http-equiv="Content-Type" content="text/html;charset=utf-8" />
  <meta name='ocr-system' content='tesseract 3.04.00' />
  <meta name='ocr-capabilities' content='ocr_page ocr_carea ocr_par ocr_line ocrx_word'/>
</head>
<body>
  <div class='ocr_page' id='page_1' title='image "./scholaelogicoma00haubgoog_0325.png"; bbox 0 0 2838 4673; ppageno 0'>
   <div class='ocr_carea' id='block_1_1' title="bbox 495 197 2621 331">
    <p class='ocr_par' dir='ltr' id='par_1_1' title="bbox 495 167 2621 331">
     <span class='ocr_line' id='line_1_1' title="bbox 495 197 2621 331; baseline 0.002 -29"><span class='ocrx_word' id='word_1_1' title='bbox 495 197 635 304; x_wconf 76' lang='lat'><strong>‘308</strong></span> <span class='ocrx_word' id='word_1_2' title='bbox 692 225 893 306; x_wconf 70' lang='lat' dir='ltr'><strong>CAP.</strong></span> <span class='ocrx_word' id='word_1_3' title='bbox 922 225 1141 303; x_wconf 83' lang='lat' dir='ltr'><em>VIII.</em></span> <span class='ocrx_word' id='word_1_4' title='bbox 1199 227 1490 304; x_wconf 75' lang='lat' dir='ltr'><strong>-Theor,</strong></span> <span class='ocrx_word' id='word_1_5' title='bbox 1528 227 1606 304; x_wconf 88' lang='lat' dir='ltr'><strong>J.</strong></span> <span class='ocrx_word' id='word_1_6' title='bbox 1647 227 1895 304; x_wconf 70' lang='lat' dir='ltr'><strong>Elon.</strong></span> <span class='ocrx_word' id='word_1_7' title='bbox 1931 227 2256 331; x_wconf 60' lang='lat' dir='ltr'><strong>eiusque</strong></span> <span class='ocrx_word' id='word_1_8' title='bbox 2289 241 2621 307; x_wconf 73' lang='lat' dir='ltr'><strong>com-eet.</strong></span> 
     </span>
    </p>
   </div>
   <div class='ocr_carea' id='block_1_2' title="bbox 344 397 2765 752">
    <p class='ocr_par' dir='ltr' id='par_1_2' title="bbox 344 397 2765 752">
     <span class='ocr_line' id='line_1_2' title="bbox 344 397 2765 536; baseline -0.001 -14"><span class='ocrx_word' id='word_1_9' title='bbox 344 485 355 491; x_wconf 90' lang='lat'><em>-</em></span> <span class='ocrx_word' id='word_1_10' title='bbox 487 397 1540 532; x_wconf 61' lang='grc' dir='ltr'><strong>ιωΒΑεωςᾸ-ιοιιιιι,</strong></span> <span class='ocrx_word' id='word_1_11' title='bbox 1599 399 2626 536; x_wconf 64' lang='lat' dir='ltr'><strong>etangfflumfaeeamb</strong></span> <span class='ocrx_word' id='word_1_12' title='bbox 2754 456 2765 465; x_wconf 88' lang='lat'>·</span> 
     </span>
     <span class='ocr_line' id='line_1_3' title="bbox 356 557 2004 658; baseline -0.002 -28"><span class='ocrx_word' id='word_1_13' title='bbox 356 561 365 568; x_wconf 75' lang='grc'><strong>’</strong></span> <span class='ocrx_word' id='word_1_14' title='bbox 492 559 711 632; x_wconf 89' lang='lat' dir='ltr'><strong>DEF</strong></span> <span class='ocrx_word' id='word_1_15' title='bbox 766 559 1199 658; x_wconf 77' lang='lat' dir='ltr'>inaequalem</span> <span class='ocrx_word' id='word_1_16' title='bbox 1250 579 1446 642; x_wconf 77' lang='lat' dir='ltr'><strong>esse,</strong></span> <span class='ocrx_word' id='word_1_17' title='bbox 1510 583 1573 644; x_wconf 80' lang='lat' dir='ltr'><strong>q.</strong></span> <span class='ocrx_word' id='word_1_18' title='bbox 1621 581 1684 628; x_wconf 87' lang='lat' dir='ltr'><strong>e.</strong></span> <span class='ocrx_word' id='word_1_19' title='bbox 1729 557 1800 631; x_wconf 84' lang='lat' dir='ltr'><strong>d.</strong></span> <span class='ocrx_word' id='word_1_20' title='bbox 1873 621 1884 626; x_wconf 87' lang='grc'><strong>-</strong></span> <span class='ocrx_word' id='word_1_21' title='bbox 1997 597 2004 606; x_wconf 87' lang='grc'>·</span> 
     </span>
     <span class='ocr_line' id='line_1_4' title="bbox 603 665 2626 752; baseline 0.001 -11.05"><span class='ocrx_word' id='word_1_22' title='bbox 603 675 750 748; x_wconf 80' lang='lat'><strong>70.</strong></span> <span class='ocrx_word' id='word_1_23' title='bbox 833 671 903 738; x_wconf 84' lang='lat' dir='ltr'><strong>Si</strong></span> <span class='ocrx_word' id='word_1_24' title='bbox 963 668 1101 738; x_wconf 85' lang='lat' dir='ltr'><strong>duo</strong></span> <span class='ocrx_word' id='word_1_25' title='bbox 1160 667 1500 750; x_wconf 80' lang='lat' dir='ltr'><strong>triangula</strong></span> <span class='ocrx_word' id='word_1_26' title='bbox 1559 665 1860 752; x_wconf 72' lang='lat' dir='ltr'><strong>aequalis</strong></span> <span class='ocrx_word' id='word_1_27' title='bbox 1919 681 2124 738; x_wconf 79' lang='lat' dir='ltr'><strong>areae</strong></span> <span class='ocrx_word' id='word_1_28' title='bbox 2189 665 2374 740; x_wconf 70' lang='lat' dir='ltr'><strong>latus</strong></span> <span class='ocrx_word' id='word_1_29' title='bbox 2442 669 2626 742; x_wconf 77' lang='lat' dir='ltr'><strong>lateri</strong></span> 
     </span>
    </p>
   </div>
   <div class='ocr_carea' id='block_1_3' title="bbox 338 775 2628 878">
    <p class='ocr_par' dir='ltr' id='par_1_3' title="bbox 338 775 2628 878">
     <span class='ocr_line' id='line_1_5' title="bbox 338 775 2628 878; baseline 0 -28"><span class='ocrx_word' id='word_1_30' title='bbox 338 871 351 878; x_wconf 38' lang='lat'><strong>·</strong></span> <span class='ocrx_word' id='word_1_31' title='bbox 490 778 777 866; x_wconf 75' lang='lat' dir='ltr'><strong>aequale</strong></span> <span class='ocrx_word' id='word_1_32' title='bbox 818 777 1149 860; x_wconf 84' lang='lat' dir='ltr'><strong>habeant,</strong></span> <span class='ocrx_word' id='word_1_33' title='bbox 1218 775 1547 860; x_wconf 83' lang='lat' dir='ltr'><strong>angulum</strong></span> <span class='ocrx_word' id='word_1_34' title='bbox 1597 788 1824 846; x_wconf 86' lang='lat' dir='ltr'><strong>autem</strong></span> <span class='ocrx_word' id='word_1_35' title='bbox 1867 777 2123 869; x_wconf 84' lang='lat' dir='ltr'><strong>angulo</strong></span> <span class='ocrx_word' id='word_1_36' title='bbox 2179 775 2628 866; x_wconf 63' lang='lat' dir='ltr'><strong>inaequalem,</strong></span> 
     </span>
    </p>
   </div>
   <div class='ocr_carea' id='block_1_4' title="bbox 490 884 2635 978">
    <p class='ocr_par' dir='ltr' id='par_1_4' title="bbox 490 884 2635 978">
     <span class='ocr_line' id='line_1_6' title="bbox 490 884 2635 978; baseline -0.002 -21"><span class='ocrx_word' id='word_1_37' title='bbox 490 892 607 975; x_wconf 77' lang='lat' dir='ltr'><strong>qni</strong></span> <span class='ocrx_word' id='word_1_38' title='bbox 642 887 743 957; x_wconf 80' lang='lat' dir='ltr'><strong>illi</strong></span> <span class='ocrx_word' id='word_1_39' title='bbox 783 887 979 957; x_wconf 79' lang='lat' dir='ltr'><strong>lateri</strong></span> <span class='ocrx_word' id='word_1_40' title='bbox 1024 887 1330 968; x_wconf 79' lang='lat' dir='ltr'><strong>adjacet·</strong></span> <span class='ocrx_word' id='word_1_41' title='bbox 1312 935 1335 978; x_wconf 86' lang='lat'>,</span> <span class='ocrx_word' id='word_1_42' title='bbox 1402 885 1742 972; x_wconf 78' lang='lat' dir='ltr'><strong>reliquum</strong></span> <span class='ocrx_word' id='word_1_43' title='bbox 1779 909 2048 971; x_wconf 81' lang='lat' dir='ltr'><strong>quoque</strong></span> <span class='ocrx_word' id='word_1_44' title='bbox 2087 884 2414 970; x_wconf 78' lang='lat' dir='ltr'><strong>angulum</strong></span> <span class='ocrx_word' id='word_1_45' title='bbox 2450 885 2635 974; x_wconf 68' lang='lat' dir='ltr'><strong>adia.</strong></span> 
     </span>
    </p>
   </div>
   <div class='ocr_carea' id='block_1_5' title="bbox 370 996 1641 1082">
    <p class='ocr_par' dir='ltr' id='par_1_5' title="bbox 370 996 1641 1082">
     <span class='ocr_line' id='line_1_7' title="bbox 370 996 1641 1082; baseline -0.002 -12"><span class='ocrx_word' id='word_1_46' title='bbox 370 1066 377 1070; x_wconf 83' lang='lat'><strong>.</strong></span> <span class='ocrx_word' id='word_1_47' title='bbox 482 1011 761 1071; x_wconf 76' lang='lat' dir='ltr'><strong>nentem</strong></span> <span class='ocrx_word' id='word_1_48' title='bbox 800 996 1229 1082; x_wconf 74' lang='lat' dir='ltr'><strong>inaequalem</strong></span> <span class='ocrx_word' id='word_1_49' title='bbox 1264 997 1641 1069; x_wconf 85' lang='lat' dir='ltr'><strong>habebunt.</strong></span> 
     </span>
    </p>
   </div>
   <div class='ocr_carea' id='block_1_6' title="bbox 534 1102 2627 1196">
    <p class='ocr_par' dir='ltr' id='par_1_6' title="bbox 534 1102 2627 1196">
     <span class='ocr_line' id='line_1_8' title="bbox 534 1102 2627 1196; baseline -0.001 -18"><span class='ocrx_word' id='word_1_50' title='bbox 534 1153 541 1164; x_wconf 88' lang='lat'><strong>·</strong></span> <span class='ocrx_word' id='word_1_51' title='bbox 653 1105 1027 1188; x_wconf 82' lang='lat' dir='ltr'><strong>Triangula</strong></span> <span class='ocrx_word' id='word_1_52' title='bbox 1066 1106 1217 1176; x_wconf 86' lang='lat' dir='ltr'><strong>AB</strong></span> <span class='ocrx_word' id='word_1_53' title='bbox 1234 1107 1339 1189; x_wconf 89' lang='grc' dir='ltr'><strong>Ο,</strong></span> <span class='ocrx_word' id='word_1_54' title='bbox 1396 1105 1608 1174; x_wconf 87' lang='lat' dir='ltr'><strong>DEF</strong></span> <span class='ocrx_word' id='word_1_55' title='bbox 1663 1125 1829 1176; x_wconf 81' lang='lat' dir='ltr'><strong>area</strong></span> <span class='ocrx_word' id='word_1_56' title='bbox 1871 1102 2214 1196; x_wconf 80' lang='lat' dir='ltr'><strong>aequalia.</strong></span> <span class='ocrx_word' id='word_1_57' title='bbox 2253 1105 2472 1181; x_wconf 70' lang='lat' dir='ltr'><strong>lama</strong></span> <span class='ocrx_word' id='word_1_58' title='bbox 2485 1110 2627 1180; x_wconf 86' lang='lat' dir='ltr'><strong>AB</strong></span> 
     </span>
    </p>
   </div>
   <div class='ocr_carea' id='block_1_7' title="bbox 485 1213 2793 1309">
    <p class='ocr_par' dir='ltr' id='par_1_7' title="bbox 485 1213 2793 1309">
     <span class='ocr_line' id='line_1_9' title="bbox 485 1213 2793 1309; baseline 0.002 -23"><span class='ocrx_word' id='word_1_59' title='bbox 485 1215 695 1288; x_wconf 72' lang='lat' dir='ltr'><strong>lateri</strong></span> <span class='ocrx_word' id='word_1_60' title='bbox 727 1217 789 1284; x_wconf 93' lang='lat' dir='ltr'>D</span> <span class='ocrx_word' id='word_1_61' title='bbox 810 1215 873 1284; x_wconf 91' lang='lat' dir='ltr'><strong>E</strong></span> <span class='ocrx_word' id='word_1_62' title='bbox 930 1215 1256 1300; x_wconf 77' lang='lat' dir='ltr'><strong>aequale,</strong></span> <span class='ocrx_word' id='word_1_63' title='bbox 1316 1214 1642 1298; x_wconf 79' lang='lat' dir='ltr'><strong>angulum</strong></span> <span class='ocrx_word' id='word_1_64' title='bbox 1682 1227 1916 1309; x_wconf 79' lang='lat' dir='ltr'><strong>autem</strong></span> <span class='ocrx_word' id='word_1_65' title='bbox 1953 1213 2380 1297; x_wconf 75' lang='lat' dir='ltr'><strong>adiacentem</strong></span> <span class='ocrx_word' id='word_1_66' title='bbox 2411 1217 2558 1286; x_wconf 86' lang='lat' dir='ltr'><strong>BA</strong></span> <span class='ocrx_word' id='word_1_67' title='bbox 2577 1219 2633 1290; x_wconf 77' lang='lat' dir='ltr'>G</span> <span class='ocrx_word' id='word_1_68' title='bbox 2716 1221 2720 1228; x_wconf 83' lang='grc'><strong>’</strong></span> <span class='ocrx_word' id='word_1_69' title='bbox 2791 1217 2793 1228; x_wconf 85' lang='lat'>&#39;</span> 
     </span>
    </p>
   </div>
   <div class='ocr_carea' id='block_1_8' title="bbox 438 1321 2774 1964">
    <p class='ocr_par' dir='ltr' id='par_1_8' title="bbox 438 1321 2774 1959">
     <span class='ocr_line' id='line_1_10' title="bbox 438 1321 2774 1412; baseline 0 -16"><span class='ocrx_word' id='word_1_70' title='bbox 438 1367 445 1374; x_wconf 81' lang='lat'><strong>·</strong></span> <span class='ocrx_word' id='word_1_71' title='bbox 488 1324 741 1410; x_wconf 73' lang='lat' dir='ltr'><strong>angulo</strong></span> <span class='ocrx_word' id='word_1_72' title='bbox 794 1323 857 1394; x_wconf 89' lang='lat' dir='ltr'>E</span> <span class='ocrx_word' id='word_1_73' title='bbox 884 1325 944 1392; x_wconf 91' lang='lat' dir='ltr'>D</span> <span class='ocrx_word' id='word_1_74' title='bbox 972 1324 1027 1392; x_wconf 91' lang='lat' dir='ltr'>F</span> <span class='ocrx_word' id='word_1_75' title='bbox 1086 1321 1515 1408; x_wconf 79' lang='lat' dir='ltr'><strong>inaequalem</strong></span> <span class='ocrx_word' id='word_1_76' title='bbox 1571 1325 1903 1408; x_wconf 76' lang='lat' dir='ltr'><strong>habeant.</strong></span> <span class='ocrx_word' id='word_1_77' title='bbox 1991 1323 2340 1408; x_wconf 72' lang='lat' dir='ltr'><strong>angulum</strong></span> <span class='ocrx_word' id='word_1_78' title='bbox 2371 1347 2628 1412; x_wconf 78' lang='lat' dir='ltr'><strong>quoque</strong></span> <span class='ocrx_word' id='word_1_79' title='bbox 2767 1357 2774 1362; x_wconf 90' lang='lat'><strong>·</strong></span> 
     </span>
     <span class='ocr_line' id='line_1_11' title="bbox 489 1430 2698 1520; baseline -0.001 -16"><span class='ocrx_word' id='word_1_80' title='bbox 489 1437 619 1510; x_wconf 69' lang='grc' dir='ltr'><strong>ΑΒ</strong></span> <span class='ocrx_word' id='word_1_81' title='bbox 646 1436 701 1504; x_wconf 88' lang='grc' dir='ltr'>Ο</span> <span class='ocrx_word' id='word_1_82' title='bbox 742 1430 993 1516; x_wconf 78' lang='lat' dir='ltr'><strong>angulo</strong></span> <span class='ocrx_word' id='word_1_83' title='bbox 1036 1433 1097 1502; x_wconf 90' lang='lat' dir='ltr'><strong>D</strong></span> <span class='ocrx_word' id='word_1_84' title='bbox 1116 1434 1193 1504; x_wconf 83' lang='grc' dir='ltr'>,Ε</span> <span class='ocrx_word' id='word_1_85' title='bbox 1202 1434 1269 1502; x_wconf 88' lang='lat' dir='ltr'><strong>F</strong></span> <span class='ocrx_word' id='word_1_86' title='bbox 1322 1433 1750 1520; x_wconf 73' lang='lat' dir='ltr'><strong>inaequalem</strong></span> <span class='ocrx_word' id='word_1_87' title='bbox 1787 1434 2160 1506; x_wconf 77' lang='lat' dir='ltr'><strong>habebunt.</strong></span> <span class='ocrx_word' id='word_1_88' title='bbox 2251 1447 2270 1493; x_wconf 76' lang='lat'><strong>&#39;-</strong></span> <span class='ocrx_word' id='word_1_89' title='bbox 2690 1462 2698 1468; x_wconf 88' lang='lat'><strong>·</strong></span> 
     </span>
     <span class='ocr_line' id='line_1_12' title="bbox 652 1535 2628 1629; baseline 0.001 -16"><span class='ocrx_word' id='word_1_90' title='bbox 652 1544 723 1614; x_wconf 82' lang='lat' dir='ltr'><strong>si</strong></span> <span class='ocrx_word' id='word_1_91' title='bbox 766 1544 945 1610; x_wconf 88' lang='lat' dir='ltr'><strong>enim</strong></span> <span class='ocrx_word' id='word_1_92' title='bbox 988 1539 1276 1626; x_wconf 75' lang='lat' dir='ltr'><strong>angulus</strong></span> <span class='ocrx_word' id='word_1_93' title='bbox 1319 1545 1388 1610; x_wconf 90' lang='lat' dir='ltr'>A</span> <span class='ocrx_word' id='word_1_94' title='bbox 1414 1545 1470 1612; x_wconf 89' lang='grc' dir='ltr'><em>Β</em></span> <span class='ocrx_word' id='word_1_95' title='bbox 1496 1543 1550 1612; x_wconf 89' lang='grc' dir='ltr'>Ο</span> <span class='ocrx_word' id='word_1_96' title='bbox 1605 1541 1856 1626; x_wconf 76' lang='lat' dir='ltr'><strong>angulo</strong></span> <span class='ocrx_word' id='word_1_97' title='bbox 1897 1543 1973 1615; x_wconf 94' lang='lat' dir='ltr'><strong>D</strong></span> <span class='ocrx_word' id='word_1_98' title='bbox 1988 1543 2048 1610; x_wconf 88' lang='lat' dir='ltr'><strong>E</strong></span> <span class='ocrx_word' id='word_1_99' title='bbox 2075 1543 2150 1616; x_wconf 90' lang='lat' dir='ltr'>F</span> <span class='ocrx_word' id='word_1_100' title='bbox 2183 1535 2628 1629; x_wconf 52' lang='lat' dir='ltr'><strong>aequalisesv</strong></span> 
     </span>
     <span class='ocr_line' id='line_1_13' title="bbox 487 1650 2629 1754; baseline -0.001 -30"><span class='ocrx_word' id='word_1_101' title='bbox 487 1666 634 1754; x_wconf 61' lang='lat' dir='ltr'><strong>set,</strong></span> <span class='ocrx_word' id='word_1_102' title='bbox 692 1673 851 1722; x_wconf 86' lang='lat' dir='ltr'><strong>cum</strong></span> <span class='ocrx_word' id='word_1_103' title='bbox 894 1665 963 1718; x_wconf 82' lang='lat' dir='ltr'><strong>et</strong></span> <span class='ocrx_word' id='word_1_104' title='bbox 1000 1651 1190 1746; x_wconf 82' lang='lat' dir='ltr'><strong>latus</strong></span> <span class='ocrx_word' id='word_1_105' title='bbox 1234 1651 1383 1720; x_wconf 91' lang='lat' dir='ltr'><strong>AB</strong></span> <span class='ocrx_word' id='word_1_106' title='bbox 1439 1650 1637 1723; x_wconf 80' lang='lat' dir='ltr'><strong>lateri</strong></span> <span class='ocrx_word' id='word_1_107' title='bbox 1677 1652 1738 1720; x_wconf 94' lang='lat' dir='ltr'><strong>D</strong></span> <span class='ocrx_word' id='word_1_108' title='bbox 1769 1651 1866 1739; x_wconf 84' lang='grc' dir='ltr'>Ε,</span> <span class='ocrx_word' id='word_1_109' title='bbox 1929 1664 2000 1722; x_wconf 84' lang='lat' dir='ltr'><strong>et</strong></span> <span class='ocrx_word' id='word_1_110' title='bbox 2041 1652 2470 1739; x_wconf 80' lang='lat' dir='ltr'><strong>triangulum.</strong></span> <span class='ocrx_word' id='word_1_111' title='bbox 2512 1656 2629 1722; x_wconf 85' lang='lat' dir='ltr'><strong>tri-</strong></span> 
     </span>
     <span class='ocr_line' id='line_1_14' title="bbox 488 1733 2628 1852; baseline 0.001 -19"><span class='ocrx_word' id='word_1_112' title='bbox 488 1761 736 1848; x_wconf 80' lang='lat' dir='ltr'><strong>angulo</strong></span> <span class='ocrx_word' id='word_1_113' title='bbox 781 1733 1059 1845; x_wconf 82' lang='lat' dir='ltr'><strong>aequale</strong></span> <span class='ocrx_word' id='word_1_114' title='bbox 1100 1761 1232 1850; x_wconf 54' lang='grc' dir='ltr'><strong>εἰη</strong></span> <span class='ocrx_word' id='word_1_115' title='bbox 1293 1781 1419 1849; x_wconf 83' lang='lat' dir='ltr'><strong>per</strong></span> <span class='ocrx_word' id='word_1_116' title='bbox 1464 1759 1518 1848; x_wconf 62' lang='grc' dir='ltr'><strong>ξ.</strong></span> <span class='ocrx_word' id='word_1_117' title='bbox 1563 1764 1714 1837; x_wconf 82' lang='grc'><strong>240.</strong></span> <span class='ocrx_word' id='word_1_118' title='bbox 1770 1760 2058 1848; x_wconf 74' lang='lat' dir='ltr'><strong>angulus</strong></span> <span class='ocrx_word' id='word_1_119' title='bbox 2118 1784 2383 1849; x_wconf 73' lang='lat' dir='ltr'><strong>queque</strong></span> <span class='ocrx_word' id='word_1_120' title='bbox 2424 1763 2628 1852; x_wconf 78' lang='grc' dir='ltr'><strong>ΒΑΟ,</strong></span> 
     </span>
     <span class='ocr_line' id='line_1_15' title="bbox 487 1865 2632 1964; baseline 0.002 -24"><span class='ocrx_word' id='word_1_121' title='bbox 487 1869 735 1956; x_wconf 83' lang='lat' dir='ltr'><strong>angulo</strong></span> <span class='ocrx_word' id='word_1_122' title='bbox 780 1871 839 1939; x_wconf 94' lang='lat' dir='ltr'>E</span> <span class='ocrx_word' id='word_1_123' title='bbox 866 1869 994 1938; x_wconf 90' lang='lat' dir='ltr'><strong>DF</strong></span> <span class='ocrx_word' id='word_1_124' title='bbox 1036 1865 1336 1956; x_wconf 81' lang='lat' dir='ltr'><strong>aequalis</strong></span> <span class='ocrx_word' id='word_1_125' title='bbox 1380 1885 1600 1959; x_wconf 79' lang='lat' dir='ltr'><strong>esset3</strong></span> <span class='ocrx_word' id='word_1_126' title='bbox 1647 1871 1827 1956; x_wconf 84' lang='lat' dir='ltr'><strong>quod</strong></span> <span class='ocrx_word' id='word_1_127' title='bbox 1859 1895 1998 1943; x_wconf 88' lang='grc' dir='ltr'><strong>ιιοιι</strong></span> <span class='ocrx_word' id='word_1_128' title='bbox 2034 1883 2161 1944; x_wconf 84' lang='lat' dir='ltr'><strong>est.</strong></span> <span class='ocrx_word' id='word_1_129' title='bbox 2219 1871 2409 1956; x_wconf 74' lang='lat' dir='ltr'>Ergo</span> <span class='ocrx_word' id='word_1_130' title='bbox 2428 1875 2632 1964; x_wconf 45' lang='grc' dir='ltr'><strong>,ἱιιαιι-ὁ</strong></span> 
     </span>
    </p>
   </div>
   <div class='ocr_carea' id='block_1_9' title="bbox 306 1953 2142 2064">
    <p class='ocr_par' dir='ltr' id='par_1_9' title="bbox 306 1953 2142 2064">
     <span class='ocr_line' id='line_1_16' title="bbox 306 1953 2142 2064; baseline 0.001 -16"><span class='ocrx_word' id='word_1_131' title='bbox 306 2040 313 2054; x_wconf 88' lang='grc'><strong>,</strong></span> <span class='ocrx_word' id='word_1_132' title='bbox 490 1978 705 2064; x_wconf 84' lang='lat' dir='ltr'><strong>qualis</strong></span> <span class='ocrx_word' id='word_1_133' title='bbox 752 1991 859 2048; x_wconf 83' lang='lat' dir='ltr'><strong>est</strong></span> <span class='ocrx_word' id='word_1_134' title='bbox 900 1978 1194 2059; x_wconf 82' lang='lat' dir='ltr'><strong>angulus</strong></span> <span class='ocrx_word' id='word_1_135' title='bbox 1236 1979 1290 2046; x_wconf 94' lang='grc' dir='ltr'>Β</span> <span class='ocrx_word' id='word_1_136' title='bbox 1313 1982 1379 2046; x_wconf 87' lang='lat' dir='ltr'><strong>A</strong></span> <span class='ocrx_word' id='word_1_137' title='bbox 1402 1981 1458 2048; x_wconf 90' lang='lat' dir='ltr'>C</span> <span class='ocrx_word' id='word_1_138' title='bbox 1519 1978 1772 2060; x_wconf 84' lang='lat' dir='ltr'><strong>angulo</strong></span> <span class='ocrx_word' id='word_1_139' title='bbox 1827 1953 2062 2052; x_wconf 90' lang='lat' dir='ltr'>EDF.</span> <span class='ocrx_word' id='word_1_140' title='bbox 2133 2053 2142 2062; x_wconf 76' lang='grc'>,</span> 
     </span>
    </p>
   </div>
   <div class='ocr_carea' id='block_1_10' title="bbox 651 2079 2634 2192">
    <p class='ocr_par' dir='ltr' id='par_1_10' title="bbox 651 2079 2634 2192">
     <span class='ocr_line' id='line_1_17' title="bbox 651 2079 2634 2192; baseline 0.003 -36"><span class='ocrx_word' id='word_1_141' title='bbox 651 2099 747 2159; x_wconf 88' lang='grc' dir='ltr'><strong>8ο.</strong></span> <span class='ocrx_word' id='word_1_142' title='bbox 802 2087 871 2156; x_wconf 86' lang='lat' dir='ltr'><strong>Si</strong></span> <span class='ocrx_word' id='word_1_143' title='bbox 915 2086 1053 2156; x_wconf 85' lang='lat' dir='ltr'><strong>duo</strong></span> <span class='ocrx_word' id='word_1_144' title='bbox 1111 2085 1456 2170; x_wconf 84' lang='lat' dir='ltr'><strong>triangula</strong></span> <span class='ocrx_word' id='word_1_145' title='bbox 1513 2079 1832 2172; x_wconf 83' lang='lat' dir='ltr'><strong>aequalia</strong></span> <span class='ocrx_word' id='word_1_146' title='bbox 1873 2090 2050 2169; x_wconf 82' lang='lat' dir='ltr'><strong>latus</strong></span> <span class='ocrx_word' id='word_1_147' title='bbox 2103 2091 2304 2162; x_wconf 87' lang='lat' dir='ltr'><strong>lateri</strong></span> <span class='ocrx_word' id='word_1_148' title='bbox 2345 2092 2634 2192; x_wconf 69' lang='lat' dir='ltr'><strong>aequale</strong></span> 
     </span>
    </p>
   </div>
   <div class='ocr_carea' id='block_1_11' title="bbox 352 2173 2632 2294">
    <p class='ocr_par' dir='ltr' id='par_1_11' title="bbox 352 2173 2632 2294">
     <span class='ocr_line' id='line_1_18' title="bbox 352 2173 2632 2294; baseline 0.002 -29"><span class='ocrx_word' id='word_1_149' title='bbox 352 2215 361 2224; x_wconf 87' lang='lat'><strong>·</strong></span> <span class='ocrx_word' id='word_1_150' title='bbox 488 2197 825 2282; x_wconf 81' lang='lat' dir='ltr'><strong>habeant,</strong></span> <span class='ocrx_word' id='word_1_151' title='bbox 888 2173 1213 2278; x_wconf 82' lang='lat' dir='ltr'><strong>angulum</strong></span> <span class='ocrx_word' id='word_1_152' title='bbox 1265 2209 1492 2263; x_wconf 84' lang='lat' dir='ltr'><strong>autem</strong></span> <span class='ocrx_word' id='word_1_153' title='bbox 1543 2195 1793 2283; x_wconf 83' lang='lat' dir='ltr'><strong>angulo</strong></span> <span class='ocrx_word' id='word_1_154' title='bbox 1835 2199 2305 2292; x_wconf 77' lang='lat' dir='ltr'><strong>inaequalem,</strong></span> <span class='ocrx_word' id='word_1_155' title='bbox 2369 2202 2482 2294; x_wconf 76' lang='lat' dir='ltr'><strong>qui</strong></span> <span class='ocrx_word' id='word_1_156' title='bbox 2534 2180 2632 2269; x_wconf 79' lang='lat' dir='ltr'><strong>iui&#39;</strong></span> 
     </span>
    </p>
   </div>
   <div class='ocr_carea' id='block_1_12' title="bbox 446 2303 2674 2951">
    <p class='ocr_par' dir='ltr' id='par_1_12' title="bbox 446 2303 2674 2951">
     <span class='ocr_line' id='line_1_19' title="bbox 486 2303 2634 2429; baseline 0.003 -56"><span class='ocrx_word' id='word_1_157' title='bbox 486 2304 685 2375; x_wconf 82' lang='lat' dir='ltr'><strong>lateri</strong></span> <span class='ocrx_word' id='word_1_158' title='bbox 736 2306 1140 2389; x_wconf 77' lang='lat' dir='ltr'><strong>opponitur.</strong></span> <span class='ocrx_word' id='word_1_159' title='bbox 1200 2303 1488 2387; x_wconf 79' lang='lat' dir='ltr'><strong>angulos</strong></span> <span class='ocrx_word' id='word_1_160' title='bbox 1531 2325 1796 2391; x_wconf 79' lang='lat' dir='ltr'><strong>quoque</strong></span> <span class='ocrx_word' id='word_1_161' title='bbox 1817 2353 1839 2392; x_wconf 90' lang='lat'>,</span> <span class='ocrx_word' id='word_1_162' title='bbox 1917 2308 2028 2392; x_wconf 89' lang='lat' dir='ltr'><strong>qui</strong></span> <span class='ocrx_word' id='word_1_163' title='bbox 2070 2306 2169 2386; x_wconf 83' lang='lat' dir='ltr'><strong>illi</strong></span> <span class='ocrx_word' id='word_1_164' title='bbox 2207 2305 2406 2409; x_wconf 62' lang='lat' dir='ltr'><strong>latei-i</strong></span> <span class='ocrx_word' id='word_1_165' title='bbox 2448 2309 2634 2429; x_wconf 80' lang='lat' dir='ltr'><strong>adja-</strong></span> 
     </span>
     <span class='ocr_line' id='line_1_20' title="bbox 488 2406 2310 2503; baseline 0.001 -20"><span class='ocrx_word' id='word_1_166' title='bbox 488 2426 683 2499; x_wconf 80' lang='lat' dir='ltr'><strong>cent,</strong></span> <span class='ocrx_word' id='word_1_167' title='bbox 737 2428 1095 2499; x_wconf 80' lang='lat' dir='ltr'><strong>utrumque</strong></span> <span class='ocrx_word' id='word_1_168' title='bbox 1135 2418 1400 2501; x_wconf 84' lang='lat' dir='ltr'><strong>utrique</strong></span> <span class='ocrx_word' id='word_1_169' title='bbox 1440 2406 1868 2500; x_wconf 83' lang='lat' dir='ltr'><strong>inaequalem</strong></span> <span class='ocrx_word' id='word_1_170' title='bbox 1897 2414 2310 2503; x_wconf 59' lang='lat' dir='ltr'><strong>¹habebunt.</strong></span> 
     </span>
     <span class='ocr_line' id='line_1_21' title="bbox 654 2502 2632 2624; baseline 0.004 -31"><span class='ocrx_word' id='word_1_171' title='bbox 654 2523 1027 2607; x_wconf 82' lang='lat' dir='ltr'><strong>Triangula</strong></span> <span class='ocrx_word' id='word_1_172' title='bbox 1088 2524 1241 2624; x_wconf 80' lang='lat' dir='ltr'><strong>AB</strong></span> <span class='ocrx_word' id='word_1_173' title='bbox 1270 2502 1363 2614; x_wconf 82' lang='grc' dir='ltr'><strong>Ο,</strong></span> <span class='ocrx_word' id='word_1_174' title='bbox 1439 2520 1654 2591; x_wconf 88' lang='lat' dir='ltr'><strong>DEF</strong></span> <span class='ocrx_word' id='word_1_175' title='bbox 1723 2524 2027 2623; x_wconf 85' lang='lat' dir='ltr'><strong>aequalia</strong></span> <span class='ocrx_word' id='word_1_176' title='bbox 2098 2526 2395 2598; x_wconf 81' lang='lat' dir='ltr'><strong>habeant</strong></span> <span class='ocrx_word' id='word_1_177' title='bbox 2451 2527 2632 2601; x_wconf 82' lang='lat' dir='ltr'><strong>latus</strong></span> 
     </span>
     <span class='ocr_line' id='line_1_22' title="bbox 446 2610 2633 2727; baseline 0.004 -26"><span class='ocrx_word' id='word_1_178' title='bbox 446 2634 553 2701; x_wconf 81' lang='lat' dir='ltr'>&#39;A</span> <span class='ocrx_word' id='word_1_179' title='bbox 597 2632 649 2701; x_wconf 90' lang='grc' dir='ltr'>Β</span> <span class='ocrx_word' id='word_1_180' title='bbox 704 2632 914 2713; x_wconf 80' lang='lat' dir='ltr'><strong>lateri</strong></span> <span class='ocrx_word' id='word_1_181' title='bbox 938 2627 1017 2713; x_wconf 84' lang='lat' dir='ltr'><strong>,D</strong></span> <span class='ocrx_word' id='word_1_182' title='bbox 1056 2610 1119 2703; x_wconf 77' lang='grc' dir='ltr'>Ε</span> <span class='ocrx_word' id='word_1_183' title='bbox 1193 2630 1532 2727; x_wconf 83' lang='lat' dir='ltr'><strong>aequale,</strong></span> <span class='ocrx_word' id='word_1_184' title='bbox 1575 2616 1898 2715; x_wconf 85' lang='lat' dir='ltr'><strong>angulum</strong></span> <span class='ocrx_word' id='word_1_185' title='bbox 1958 2646 2182 2705; x_wconf 84' lang='lat' dir='ltr'><strong>autem</strong></span> <span class='ocrx_word' id='word_1_186' title='bbox 2241 2640 2633 2723; x_wconf 53' lang='lat' dir='ltr'><strong>oppositum</strong></span> 
     </span>
     <span class='ocr_line' id='line_1_23' title="bbox 486 2692 2674 2831; baseline 0.003 -22"><span class='ocrx_word' id='word_1_187' title='bbox 486 2740 539 2809; x_wconf 87' lang='lat' dir='ltr'>B</span> <span class='ocrx_word' id='word_1_188' title='bbox 582 2736 647 2811; x_wconf 97' lang='lat' dir='ltr'>A</span> <span class='ocrx_word' id='word_1_189' title='bbox 668 2741 722 2811; x_wconf 91' lang='grc' dir='ltr'>Ο</span> <span class='ocrx_word' id='word_1_190' title='bbox 746 2692 996 2823; x_wconf 80' lang='lat' dir='ltr'><strong>angulo</strong></span> <span class='ocrx_word' id='word_1_191' title='bbox 1030 2740 1090 2808; x_wconf 92' lang='lat' dir='ltr'><strong>D</strong></span> <span class='ocrx_word' id='word_1_192' title='bbox 1114 2740 1165 2807; x_wconf 88' lang='lat' dir='ltr'><strong>F</strong></span> <span class='ocrx_word' id='word_1_193' title='bbox 1188 2740 1247 2809; x_wconf 93' lang='lat' dir='ltr'>E</span> <span class='ocrx_word' id='word_1_194' title='bbox 1290 2722 1750 2826; x_wconf 87' lang='lat' dir='ltr'><strong>inaequalem:</strong></span> <span class='ocrx_word' id='word_1_195' title='bbox 1800 2750 2002 2811; x_wconf 78' lang='lat' dir='ltr'><strong>erunt</strong></span> <span class='ocrx_word' id='word_1_196' title='bbox 2031 2756 2100 2811; x_wconf 79' lang='lat' dir='ltr'><strong>et</strong></span> <span class='ocrx_word' id='word_1_197' title='bbox 2120 2743 2352 2829; x_wconf 85' lang='lat' dir='ltr'><strong>anguli</strong></span> <span class='ocrx_word' id='word_1_198' title='bbox 2381 2743 2434 2813; x_wconf 89' lang='lat' dir='ltr'><strong>B</strong></span> <span class='ocrx_word' id='word_1_199' title='bbox 2463 2748 2530 2817; x_wconf 91' lang='lat' dir='ltr'>A</span> <span class='ocrx_word' id='word_1_200' title='bbox 2552 2747 2636 2831; x_wconf 85' lang='grc' dir='ltr'><strong>Ο,</strong></span> <span class='ocrx_word' id='word_1_201' title='bbox 2655 2770 2674 2789; x_wconf 80' lang='lat'><strong><em>‘</em></strong></span> 
     </span>
     <span class='ocr_line' id='line_1_24' title="bbox 490 2836 2640 2951; baseline 0.003 -33"><span class='ocrx_word' id='word_1_202' title='bbox 490 2850 699 2919; x_wconf 85' lang='lat' dir='ltr'><strong>ABG</strong></span> <span class='ocrx_word' id='word_1_203' title='bbox 742 2848 1023 2931; x_wconf 84' lang='lat' dir='ltr'><strong>angulis</strong></span> <span class='ocrx_word' id='word_1_204' title='bbox 1039 2848 1277 2947; x_wconf 64' lang='lat' dir='ltr'>EDF,</span> <span class='ocrx_word' id='word_1_205' title='bbox 1340 2850 1539 2919; x_wconf 89' lang='lat' dir='ltr'>DEF</span> <span class='ocrx_word' id='word_1_206' title='bbox 1572 2864 1879 2951; x_wconf 68' lang='lat' dir='ltr'><strong>uterque</strong></span> <span class='ocrx_word' id='word_1_207' title='bbox 1897 2856 2168 2941; x_wconf 82' lang='lat' dir='ltr'><strong>utrique</strong></span> <span class='ocrx_word' id='word_1_208' title='bbox 2213 2836 2640 2941; x_wconf 83' lang='lat' dir='ltr'><strong>inaequales.</strong></span> 
     </span>
    </p>
   </div>
   <div class='ocr_carea' id='block_1_13' title="bbox 654 2896 2772 3055">
    <p class='ocr_par' dir='ltr' id='par_1_13' title="bbox 654 2896 2772 3055">
     <span class='ocr_line' id='line_1_25' title="bbox 654 2896 2772 3055; baseline 0.004 -30"><span class='ocrx_word' id='word_1_209' title='bbox 654 2956 720 3025; x_wconf 89' lang='lat' dir='ltr'><strong>Si</strong></span> <span class='ocrx_word' id='word_1_210' title='bbox 755 2959 935 3025; x_wconf 88' lang='lat' dir='ltr'><strong>enim</strong></span> <span class='ocrx_word' id='word_1_211' title='bbox 972 2896 1277 3052; x_wconf 44' lang='lat' dir='ltr'><strong>angulus)</strong></span> <span class='ocrx_word' id='word_1_212' title='bbox 1286 2953 1339 3027; x_wconf 91' lang='lat' dir='ltr'>B</span> <span class='ocrx_word' id='word_1_213' title='bbox 1358 2956 1424 3027; x_wconf 89' lang='lat' dir='ltr'>A</span> <span class='ocrx_word' id='word_1_214' title='bbox 1446 2961 1500 3029; x_wconf 88' lang='grc' dir='ltr'>Ο</span> <span class='ocrx_word' id='word_1_215' title='bbox 1543 2960 1790 3053; x_wconf 84' lang='lat' dir='ltr'><strong>angul‘o</strong></span> <span class='ocrx_word' id='word_1_216' title='bbox 1812 2951 1877 3033; x_wconf 90' lang='grc' dir='ltr'>Ε</span> <span class='ocrx_word' id='word_1_217' title='bbox 1893 2962 1951 3031; x_wconf 92' lang='lat' dir='ltr'><strong>D</strong></span> <span class='ocrx_word' id='word_1_218' title='bbox 1977 2962 2029 3029; x_wconf 91' lang='lat' dir='ltr'><strong>F</strong></span> <span class='ocrx_word' id='word_1_219' title='bbox 2073 2960 2372 3049; x_wconf 85' lang='lat' dir='ltr'><strong>aequalis</strong></span> <span class='ocrx_word' id='word_1_220' title='bbox 2405 2977 2630 3033; x_wconf 80' lang='lat' dir='ltr'><strong>esset·</strong></span> <span class='ocrx_word' id='word_1_221' title='bbox 2611 3015 2664 3055; x_wconf 30' lang='grc' dir='ltr'><strong>,ι</strong></span> <span class='ocrx_word' id='word_1_222' title='bbox 2765 3044 2772 3054; x_wconf 37' lang='grc'><strong>,</strong></span> 
     </span>
    </p>
   </div>
   <div class='ocr_carea' id='block_1_14' title="bbox 488 3036 2632 3174">
    <p class='ocr_par' dir='ltr' id='par_1_14' title="bbox 488 3036 2632 3174">
     <span class='ocr_line' id='line_1_26' title="bbox 488 3036 2632 3174; baseline 0.004 -41"><span class='ocrx_word' id='word_1_223' title='bbox 488 3087 645 3135; x_wconf 88' lang='lat' dir='ltr'><strong>eum</strong></span> <span class='ocrx_word' id='word_1_224' title='bbox 677 3080 756 3135; x_wconf 82' lang='lat' dir='ltr'><strong>et</strong></span> <span class='ocrx_word' id='word_1_225' title='bbox 794 3066 970 3136; x_wconf 82' lang='lat' dir='ltr'><strong>latus</strong></span> <span class='ocrx_word' id='word_1_226' title='bbox 998 3057 1085 3168; x_wconf 91' lang='lat' dir='ltr'><strong>A</strong></span> <span class='ocrx_word' id='word_1_227' title='bbox 1111 3064 1163 3137; x_wconf 90' lang='lat' dir='ltr'><strong>B</strong></span> <span class='ocrx_word' id='word_1_228' title='bbox 1203 3064 1401 3137; x_wconf 84' lang='lat' dir='ltr'><strong>lateri</strong></span> <span class='ocrx_word' id='word_1_229' title='bbox 1449 3066 1510 3136; x_wconf 92' lang='lat' dir='ltr'><strong>D</strong></span> <span class='ocrx_word' id='word_1_230' title='bbox 1541 3036 1636 3174; x_wconf 93' lang='lat' dir='ltr'><strong>F</strong></span> <span class='ocrx_word' id='word_1_231' title='bbox 1709 3081 1778 3136; x_wconf 86' lang='lat' dir='ltr'><strong>et</strong></span> <span class='ocrx_word' id='word_1_232' title='bbox 1815 3070 2232 3155; x_wconf 86' lang='lat' dir='ltr'><strong>triangulum</strong></span> <span class='ocrx_word' id='word_1_233' title='bbox 2287 3066 2632 3157; x_wconf 76' lang='lat' dir='ltr'><strong>triangulo</strong></span> 
     </span>
    </p>
   </div>
   <div class='ocr_carea' id='block_1_15' title="bbox 491 3116 2772 3280">
    <p class='ocr_par' dir='ltr' id='par_1_15' title="bbox 491 3116 2772 3280">
     <span class='ocr_line' id='line_1_27' title="bbox 491 3116 2772 3280; baseline 0.003 -35"><span class='ocrx_word' id='word_1_234' title='bbox 491 3170 767 3263; x_wconf 84' lang='lat' dir='ltr'><strong>aequale</strong></span> <span class='ocrx_word' id='word_1_235' title='bbox 810 3171 939 3267; x_wconf 75' lang='lat' dir='ltr'><strong>sit3</strong></span> <span class='ocrx_word' id='word_1_236' title='bbox 1002 3202 1125 3265; x_wconf 86' lang='lat' dir='ltr'><strong>per</strong></span> <span class='ocrx_word' id='word_1_237' title='bbox 1166 3182 1219 3266; x_wconf 59' lang='grc' dir='ltr'><strong>ὁ.</strong></span> <span class='ocrx_word' id='word_1_238' title='bbox 1256 3180 1401 3249; x_wconf 79' lang='grc'>240.</span> <span class='ocrx_word' id='word_1_239' title='bbox 1465 3116 1752 3259; x_wconf 86' lang='lat' dir='ltr'><strong>angulus</strong></span> <span class='ocrx_word' id='word_1_240' title='bbox 1796 3201 2060 3267; x_wconf 85' lang='lat' dir='ltr'><strong>quoque</strong></span> <span class='ocrx_word' id='word_1_241' title='bbox 2099 3182 2167 3247; x_wconf 89' lang='lat' dir='ltr'><strong>A</strong></span> <span class='ocrx_word' id='word_1_242' title='bbox 2202 3180 2329 3267; x_wconf 88' lang='grc' dir='ltr'><strong>ΟΒ</strong></span> <span class='ocrx_word' id='word_1_243' title='bbox 2373 3180 2634 3280; x_wconf 77' lang='lat' dir='ltr'><strong>angulo</strong></span> <span class='ocrx_word' id='word_1_244' title='bbox 2763 3197 2772 3207; x_wconf 86' lang='lat'>&#39;</span> 
     </span>
    </p>
   </div>
   <div class='ocr_carea' id='block_1_16' title="bbox 484 3282 2719 3921">
    <p class='ocr_par' dir='ltr' id='par_1_16' title="bbox 484 3282 2678 3696">
     <span class='ocr_line' id='line_1_28' title="bbox 488 3282 2663 3388; baseline 0.004 -36"><span class='ocrx_word' id='word_1_245' title='bbox 488 3282 621 3354; x_wconf 90' lang='lat' dir='ltr'><strong>DF</strong></span> <span class='ocrx_word' id='word_1_246' title='bbox 644 3284 701 3353; x_wconf 92' lang='lat' dir='ltr'><strong>E</strong></span> <span class='ocrx_word' id='word_1_247' title='bbox 738 3284 1039 3373; x_wconf 76' lang='lat' dir='ltr'><strong>aequalis</strong></span> <span class='ocrx_word' id='word_1_248' title='bbox 1084 3294 1301 3377; x_wconf 75' lang='lat' dir='ltr'><strong>esset3</strong></span> <span class='ocrx_word' id='word_1_249' title='bbox 1378 3282 1557 3371; x_wconf 85' lang='lat' dir='ltr'><strong>quod</strong></span> <span class='ocrx_word' id='word_1_250' title='bbox 1619 3306 1758 3354; x_wconf 87' lang='lat' dir='ltr'><strong>non</strong></span> <span class='ocrx_word' id='word_1_251' title='bbox 1811 3296 1934 3355; x_wconf 85' lang='lat' dir='ltr'><strong>est.</strong></span> <span class='ocrx_word' id='word_1_252' title='bbox 1985 3284 2404 3388; x_wconf 77' lang='lat' dir='ltr'><strong>Inaequalis</strong></span> <span class='ocrx_word' id='word_1_253' title='bbox 2452 3292 2663 3375; x_wconf 72' lang='lat' dir='ltr'><strong>ergo&#39;</strong></span> 
     </span>
     <span class='ocr_line' id='line_1_29' title="bbox 488 3338 2648 3501; baseline 0.005 -40"><span class='ocrx_word' id='word_1_254' title='bbox 488 3392 594 3463; x_wconf 83' lang='lat' dir='ltr'><strong>est</strong></span> <span class='ocrx_word' id='word_1_255' title='bbox 636 3402 921 3478; x_wconf 83' lang='lat' dir='ltr'><strong>angulus</strong></span> <span class='ocrx_word' id='word_1_256' title='bbox 974 3397 1177 3465; x_wconf 89' lang='grc' dir='ltr'><strong>ΒΑΟ</strong></span> <span class='ocrx_word' id='word_1_257' title='bbox 1218 3338 1467 3477; x_wconf 76' lang='lat' dir='ltr'><strong>angulo</strong></span> <span class='ocrx_word' id='word_1_258' title='bbox 1511 3393 1569 3463; x_wconf 91' lang='lat' dir='ltr'>E</span> <span class='ocrx_word' id='word_1_259' title='bbox 1600 3394 1657 3461; x_wconf 96' lang='lat' dir='ltr'><strong>D</strong></span> <span class='ocrx_word' id='word_1_260' title='bbox 1690 3394 1768 3467; x_wconf 77' lang='lat' dir='ltr'><strong>F‘.</strong></span> <span class='ocrx_word' id='word_1_261' title='bbox 1853 3393 1944 3464; x_wconf 88' lang='lat' dir='ltr'><strong>Et</strong></span> <span class='ocrx_word' id='word_1_262' title='bbox 2003 3395 2312 3465; x_wconf 74' lang='lat' dir='ltr'><strong>similiter</strong></span> <span class='ocrx_word' id='word_1_263' title='bbox 2370 3398 2648 3501; x_wconf 78' lang='lat' dir='ltr'><strong>angulo</strong></span> 
     </span>
     <span class='ocr_line' id='line_1_30' title="bbox 484 3500 2633 3626; baseline 0.004 -55"><span class='ocrx_word' id='word_1_264' title='bbox 484 3502 544 3571; x_wconf 93' lang='lat' dir='ltr'><strong>D</strong></span> <span class='ocrx_word' id='word_1_265' title='bbox 573 3502 633 3571; x_wconf 91' lang='lat' dir='ltr'><strong>E</strong></span> <span class='ocrx_word' id='word_1_266' title='bbox 662 3500 711 3571; x_wconf 87' lang='lat' dir='ltr'><strong>F</strong></span> <span class='ocrx_word' id='word_1_267' title='bbox 750 3502 1121 3591; x_wconf 71' lang='lat' dir='ltr'><strong>inaequalia</strong></span> <span class='ocrx_word' id='word_1_268' title='bbox 1165 3501 1604 3593; x_wconf 79' lang='lat' dir='ltr'><strong>ostendetur3</strong></span> <span class='ocrx_word' id='word_1_269' title='bbox 1662 3516 1730 3625; x_wconf 74' lang='lat' dir='ltr'><strong>et</strong></span> <span class='ocrx_word' id='word_1_270' title='bbox 1767 3504 2046 3623; x_wconf 80' lang='lat' dir='ltr'><strong>paritei·</strong></span> <span class='ocrx_word' id='word_1_271' title='bbox 2069 3505 2356 3626; x_wconf 80' lang='lat' dir='ltr'><strong>angulus</strong></span> <span class='ocrx_word' id='word_1_272' title='bbox 2410 3508 2542 3581; x_wconf 84' lang='lat' dir='ltr'><strong>AB</strong></span> <span class='ocrx_word' id='word_1_273' title='bbox 2571 3511 2633 3580; x_wconf 86' lang='grc' dir='ltr'>Ο</span> 
     </span>
     <span class='ocr_line' id='line_1_31' title="bbox 486 3600 2678 3696; baseline -0.002 -17"><span class='ocrx_word' id='word_1_274' title='bbox 486 3612 751 3696; x_wconf 84' lang='lat' dir='ltr'><strong>utrique</strong></span> <span class='ocrx_word' id='word_1_275' title='bbox 793 3600 1007 3681; x_wconf 85' lang='lat' dir='ltr'>EDF</span> <span class='ocrx_word' id='word_1_276' title='bbox 1068 3623 1135 3679; x_wconf 85' lang='lat' dir='ltr'><strong>et</strong></span> <span class='ocrx_word' id='word_1_277' title='bbox 1190 3608 1423 3679; x_wconf 87' lang='lat' dir='ltr'>DEF.</span> <span class='ocrx_word' id='word_1_278' title='bbox 1523 3610 1530 3617; x_wconf 78' lang='grc'><strong><em>’</em></strong></span> <span class='ocrx_word' id='word_1_279' title='bbox 2672 3610 2678 3617; x_wconf 83' lang='grc'><strong>’</strong></span> 
     </span>
    </p>

    <p class='ocr_par' dir='ltr' id='par_1_17' title="bbox 487 3694 2719 3919">
     <span class='ocr_line' id='line_1_32' title="bbox 650 3694 2640 3823; baseline 0.003 -36"><span class='ocrx_word' id='word_1_280' title='bbox 650 3730 742 3794; x_wconf 86' lang='grc' dir='ltr'><strong>9ο.</strong></span> <span class='ocrx_word' id='word_1_281' title='bbox 790 3720 861 3791; x_wconf 81' lang='lat' dir='ltr'><strong>Si</strong></span> <span class='ocrx_word' id='word_1_282' title='bbox 890 3719 1023 3801; x_wconf 74' lang='lat' dir='ltr'><strong>dup</strong></span> <span class='ocrx_word' id='word_1_283' title='bbox 1056 3716 1395 3802; x_wconf 85' lang='lat' dir='ltr'><strong>triangula</strong></span> <span class='ocrx_word' id='word_1_284' title='bbox 1418 3694 1723 3823; x_wconf 74' lang='lat' dir='ltr'><strong>aequalia</strong></span> <span class='ocrx_word' id='word_1_285' title='bbox 1737 3700 2068 3808; x_wconf 78' lang='lat' dir='ltr'><strong>angulum</strong></span> <span class='ocrx_word' id='word_1_286' title='bbox 2097 3700 2345 3811; x_wconf 73' lang='lat' dir='ltr'><strong>angulo</strong></span> <span class='ocrx_word' id='word_1_287' title='bbox 2375 3745 2640 3810; x_wconf 84' lang='lat' dir='ltr'><strong>aequa-</strong></span> 
     </span>
     <span class='ocr_line' id='line_1_33' title="bbox 487 3819 2719 3921; baseline 0.002 -22"><span class='ocrx_word' id='word_1_288' title='bbox 487 3826 623 3899; x_wconf 88' lang='lat' dir='ltr'><strong>lem</strong></span> <span class='ocrx_word' id='word_1_289' title='bbox 678 3828 1007 3918; x_wconf 79' lang='lat' dir='ltr'><strong>habeant,</strong></span> <span class='ocrx_word' id='word_1_290' title='bbox 1095 3828 1381 3897; x_wconf 78' lang='lat' dir='ltr'><strong>laterum</strong></span> <span class='ocrx_word' id='word_1_291' title='bbox 1429 3842 1652 3921; x_wconf 78' lang='lat' dir='ltr'><strong>autem</strong></span> <span class='ocrx_word' id='word_1_292' title='bbox 1693 3826 1880 3898; x_wconf 84' lang='lat' dir='ltr'><strong>illum</strong></span> <span class='ocrx_word' id='word_1_293' title='bbox 1925 3830 2248 3913; x_wconf 74' lang='lat' dir='ltr'><strong>angulum</strong></span> <span class='ocrx_word' id='word_1_294' title='bbox 2319 3838 2651 3919; x_wconf 73' lang='lat' dir='ltr'><strong>eompre-</strong></span> <span class='ocrx_word' id='word_1_295' title='bbox 2710 3819 2719 3826; x_wconf 35' lang='grc'><em>“</em></span> 
     </span>
    </p>
   </div>
  </div>
 </body>
</html>
