2838 4673
411 264 549 350 ιδι
570 264 777 337 ‘CAR
802 260 938 337 IV.
966 262 1099 335 Eoe
1126 254 1649 335 Theoremale
1663 261 1929 357 pri-mo
1945 240 2540 333 Elementorum
2600 256 2610 265 ‘
2689 236 2700 245 ’

411 500 524 559 cta
562 488 651 557 sit
691 494 883 565 recta
922 502 1408 573 quaecunque·
1473 492 1784 565 oporteat
1841 460 1924 547 ab
1969 478 2182 547 altero
2225 478 2536 547 extremo
2573 540 2582 550 .

412 609 541 678 etc.
554 580 878 683 (reliqua
918 604 1217 677 manent,
1260 604 1337 659 ut
1375 584 1447 659 in
1488 588 1712 657 Probl.
1757 587 2044 674 XLVI.)

643 706 898 775 Rectae
940 702 1003 767 A
1032 700 1083 769 B
1136 702 1207 769 in
1250 678 1578 769 extremis
1619 699 1718 783 A,
1761 698 1833 769 Β
1873 696 1984 775 ad
2011 696 2285 765 easdem
2324 695 2541 779 ipsius

638 825 867 901 partes
924 810 1241 879 insistant
1293 786 1890 895 perpendiculares
1927 808 2000 875 A
2043 806 2132 889 C,
2204 803 2260 872 B
2303 802 2405 894 D3
2461 814 2536 879 et

638 921 897 1011 reliqua
936 928 1235 1005 manent,
1271 928 1349 985 ιιι
1388 918 1543 987 istic
1587 918 1976 1007 (5.184.)

571 1030 879 1123 Itemque
906 1024 1085 1097 hoc.
2437 1083 2440 1087 .

422 1218 429 1225 ,
468 1222 477 1229 .
573 1140 628 1224 P,
652 1138 1065 1227 rohlema
1106 1134 1291 1225 ΠΧ.
1336 1137 1590 1207 Rectae
1638 1123 1839 1205 alicui
1881 1128 2238 1217 expositae
2279 1130 2352 1199 in
2399 1148 2536 1197 uno

414 1252 722 1343 extremo
769 1261 837 1315 et
879 1249 947 1317 in
992 1245 1157 1317 aho
1138 1264 1349 1331 ipsius
1388 1257 1659 1333 puncto
1685 1244 1800 1314 ad
1816 1243 2091 1325 easdem
2147 1244 2378 1327 partes
2436 1239 2544 1318 in-

450 732 600 855 ‘1229

392 877 606 945 ,79-

249 1413 255 1420 .
333 1381 338 1387 ·
413 1327 659 1453 sistant
702 1357 873 1427 duae
932 1354 1528 1441 perpendiculares
1587 1353 1938 1441 aequales,
2029 1363 2098 1419 et
2153 1372 2194 1418 a
2232 1348 2535 1427 ,termino

414 1466 815 1555 posterIoris
857 1462 1437 1549 perpendicularis
1484 1462 1568 1531 ad
1613 1462 1868 1531 dictum
1911 1473 2292 1541 extremum
2333 1456 2534 1525 ducta
2592 1459 2599 1464 '

358 1604 375 1619 ··
414 1578 507 1645 sit
540 1588 767 1651 recta.
848 1584 1163 1657 oporteat
1203 1586 1349 1644 etc.
1363 1571 1710 1659 (reliqua
1737 1584 1812 1645 ιιι
1851 1570 1922 1651 in
1965 1564 2536 1641 Probl.XLV11.
2583 1638 2592 1651 ,

520 1744 543 1772 .‚
640 1686 925 1752 Rectae
939 1690 998 1753 Α
1039 1676 1149 1747 B
1131 1704 1200 1747 ιιι
1243 1680 1456 1771 ipsius
1515 1694 1824 1763 extremo
1864 1680 1931 1749 A
1963 1692 2044 1757 et
2095 1675 2225 1747 alio
2282 1686 2537 1761 puncto

454 1755 603 1832 ΡΨ
644 1792 697 1859 C
734 1788 823 1861 ad
866 1787 1139 1859 easdem
1174 1800 1407 1873 partes
1441 1791 1762 1861 insistant
1789 1783 2384 1875 perpendiculares
2425 1804 2540 1853 ae-

482 1856 572 1963 ⁸⁰,
642 1899 871 2001 quales
914 1901 978 1968 A
1021 1899 1121 1985 D,
1166 1898 1341 1985 GE,
1388 1913 1518 1968 etc.
1561 1912 1640 1967 ut
1676 1900 1902 1986 istic(
1871 1906 1962 1988 (ᾗ.
2009 1902 2214 1983 184..)

978 2046 983 2051 -
1348 2015 1407 2094 §·
1451 2018 1622 2081 189.

603 2116 821 2183 Porro
848 2113 1187 2202 (similiter
1214 2138 1294 2185 ac
1320 2116 1380 2183 Γ
1384 2117 1762 2185 hecremau
1804 2114 2070 2203 XXVI.
2100 2111 2542 2184 Problemata

398 2222 722 2300 XLVIII.
766 2224 929 2309 IL.)
972 2223 1411 2297 Theoremati
1484 2224 1796 2311 XXXV.
1859 2226 1952 2318 (ὁ.
2009 2228 2117 2299 72.
2120 2222 2380 2366 Phaec
2427 2242 2534 2291 re·
2611 2223 2618 2232 '

328 2411 335 2416 ,
400 2332 865 2432 spondebunt:

566 2440 1069 2524 Problema
1124 2443 1274 2534 LX.
1416 2445 1532 2516 Ad
1601 2443 1826 2514 datam
1889 2457 2150 2515 rectam
2199 2445 2274 2514 in
2321 2411 2532 2558 ipsius
2647 2463 2652 2468 ’
2775 2485 2782 2497 -

403 2531 730 2623 extremis
777 2563 845 2620 et
887 2551 971 2620 ad
1013 2523 1289 2622 easdem
1330 2566 1560 2639 partes
1604 2553 1968 2642 inclinatae
2031 2557 2167 2623 sint
2213 2555 2383 2622 duae
2423 2575 2536 2622 re-

399 2674 553 2730 ctae
594 2663 717 2746 sub
752 2659 1013 2744 angulis
1050 2662 1472 2771 aequalibus,
1513 2677 1582 2732 et
1621 2666 1692 2733 in
1734 2685 1872 2730 uno
1904 2676 2213 2760 extremo
2243 2683 2529 2748 perpen-

403 2755 722 2840 dicularis
766 2773 1037 2840 insistat
1076 2762 1430 2881 oppositae
1472 2771 1840 2840 inclinatae
1884 2763 2290 2846 occurrens:
2336 2793 2540 2860 opor-

398 2890 542 2946 teat
587 2880 672 2946 in
726 2877 975 2948 altero
1000 2893 1311 2964 extremo
1362 2876 2006 2970 perpendicularem
2046 2893 2276 2968 rectae
2339 2881 2536 2996 datae
2597 2949 2605 2956 ,

392 2985 666 3055 ducere
826 3071 938 3140 Ad
979 3085 1239 3140 rectam
1300 3072 1528 3142 datam
1586 3071 1646 3144 A
1693 3083 1750 3143 B
1791 3073 1863 3142 in
1905 3078 2230 3146 extremis
2261 3084 2333 3146 'A
2375 3088 2443 3144 et
2477 3087 2534 3146 Β
2637 3081 2646 3090 ’

386 3183 391 3190 .
452 3142 601 3295 ξ’ἰὶθ
658 3152 1024 3249 inclinatae
1086 3184 1231 3252 sint
1270 3181 1356 3250 ad
1419 3172 1696 3262 easdem
1752 3194 2012 3266 partes
2047 3199 2277 3254 rectae
2331 3187 2398 3255 A
2442 3187 2578 3254 02·-

449 3354 453 3360 ,
638 3287 715 3376 Β
749 3289 807 3377 D
851 3289 975 3356 sub
1021 3290 1285 3376 angulis
1328 3303 1383 3360 B
1414 3277 1598 3378 AG,
1641 3295 1706 3360 A
1748 3303 1805 3363 B
1859 3292 1919 3360 D
1964 3292 2351 3378 aequalibus
2379 3343 2405 3384 ‚
2463 3305 2534 3362 et

385 3411 656 3484 cetera,
700 3410 777 3466 ut
815 3397 885 3464 in
926 3393 1152 3468 Probl.
1198 3398 1516 3476 XLVIII.
1563 3407 1650 3489 (ᾗ.
1685 3405 1878 3488 185.)
1965 3479 1970 3482 ,

549 3507 655 3574 Ρι
677 3507 1033 3576 oblema
1048 3508 1241 3578 LXI.
1285 3507 1399 3576 Ad
1442 3503 1701 3577 rectam
1744 3511 2128 3595 expositam
2169 3513 2241 3580 in
2305 3509 2535 3582 extre-
2661 3535 2666 3538 ·

280 3602 287 3606 ⁴
380 3634 497 3682 mo
540 3627 609 3681 et
649 3620 717 3682 in
762 3615 946 3684 alio
926 3618 1159 3704 ipsius
1167 3631 1422 3702 puncto
1470 3618 1552 3686 ad
1589 3617 1867 3690 easdem
1905 3633 2136 3705 partes
2209 3619 2382 3690 duae
2425 3643 2536 3691 re-

256 3719 274 3734 ’
388 3723 539 3792 ctae
586 3725 975 3808 aequalibus
1020 3725 1285 3812 angulis
1333 3725 1622 3798 internis
1669 3723 2032 3820 inclinatae
2081 3729 2215 3806 sint
2260 3733 2528 3817 etipsae

383 3837 565 3902 inter
606 3847 683 3902 se
719 3834 1086 3952 §equalssss
1134 3835 1282 3906 etc(
1314 3835 1611 3926 (reliqua
1651 3851 1728 3908 ut
1766 3838 1840 3910 in
1881 3838 2107 3910 Probl.
2151 3839 2346 3935 11...)-
