2838 4673
2214 20 2293 111 ,ι
2409 44 2423 51 ’

453 278 600 378 ²¹4
663 244 857 359 C'Ar.
927 278 1060 357 VI.
1123 276 1407 369 Theor.
1442 280 1529 359 Ἰ.
1574 232 1829 360 Elem.
1882 226 2205 386 eiusque
2252 263 2603 400 eonseet.

654 454 703 463 ”
1323 464 1332 469 ’
1399 506 1453 593 5.
1510 502 1695 583 239.'
2021 458 2023 460 ’

749 651 756 663 ι
2180 646 2211 675 Χ

613 672 746 766 Sed
789 709 868 766 ut
915 696 1000 765 ad
1055 720 1140 768 ea
1198 698 1655 789 accedamuS,
1728 722 1901 789 quae
1951 694 2037 771 in
2080 701 2309 773 fronte
2352 702 2617 787 Capitis

443 804 728 889 huiusce
797 797 1391 911 significavimus,
1482 811 1821 883 indirecto
1892 810 2007 881 illo
2082 810 2614 897 argumentandi

444 938 699 1001 genere
755 916 1409 989 demonstrabuntur
1441 920 1587 1003 jam
1630 922 1805 995 duae
1846 921 2355 1011 propositiones
2410 944 2614 1009 quar-

441 1036 582 1095 tam
629 1026 932 1097 Euclidis
983 1041 1500 1132 convertentes,
1551 1054 1840 1140 qualum
1879 1045 2241 1117 utramque
2292 1050 2418 1116 per
2460 1030 2615 1115 plu-

441 1157 555 1206 res
605 1134 1128 1263 applicationes,
1174 1162 1673 1225 persequemur
1707 1141 2210 1228 respondentes
2258 1142 2387 1227 iis,
2437 1162 2614 1227 quae

441 1246 514 1315 in
559 1240 782 1332 eapite
853 1257 883 1317 1
935 1260 1002 1315 et
1063 1248 1193 1317 '2do
1248 1241 1540 1342 traditae
1584 1254 1778 1338 sunt,
1836 1248 2409 1335 'applicationibus
2449 1273 2617 1336 pro·

437 1337 801 1443 positionis
856 1370 1174 1444 quartae:
1250 1334 1435 1434 unde
1500 1361 1857 1449 sequentia
1910 1359 2277 1432 commode
2316 1360 2392 1429 in
2435 1358 2613 1431 duas

360 1482 370 1489 ’
427 1479 677 1559 ιΡιίῑιῑειει
715 1458 1231 1543 distribuentur.

1252 1776 1579 1856 Pars
1690 1778 1822 1887 If·

1329 1958 1671 2050 ·§.2-40.·2

478 2148 498 2177 κ
610 2112 1130 2209 Propositio
1173 2123 1423 2210 prior
1467 2132 2011 2200 convertens
2054 2135 2478 2208 quartam:

610 2258 682 2327 Si
732 2257 867 2329 duo
911 2254 1255 2344 triangula
1312 2256 1490 2330 latus
1542 2256 1741 2328 lateri
1800 2257 2079 2346 aequale
2126 2253 2469 2344 habeant,
2542 2270 2615 2326 et

446 2367 773 2454 angulum
832 2365 1084 2451 angulo
1145 2353 1543 2458 aequalem,
1609 2371 1723 2457 qui
1783 2369 1881 2439 illi
1928 2369 2129 2458 lateri
2174 2365 2475 2452 adjacet,
2542 2380 2615 2438 et

353 2562 370 2575 „
441 2480 594 2568 ipsa
637 2476 982 2562 triangula
1025 2470 1224 2584 in'ter
1250 2500 1325 2549 se
1371 2479 1680 2570 aequalia
1718 2481 1859 2552 sint
1891 2487 2049 2567 (seu
2086 2477 2438 2566 aequalem
2460 2499 2613 2546 are·
2720 2549 2730 2560 ,

446 2609 556 2657 am
599 2586 942 2678 habeant,
990 2611 1113 2658 seu
1163 2579 1222 2660 si
1265 2589 1575 2676 aequalia
1628 2591 1849 2676 spatia
1919 2589 2417 2673 comprehensa
2472 2588 2612 2658 sint

442 2699 812 2784 utriusque
839 2700 1281 2786 perimetro):
1327 2698 1679 2769 habebunt
1724 2713 1792 2768 et
1838 2697 2174 2783 reliquum
2229 2697 2407 2770 latus
2450 2695 2606 2766 reli-

447 2830 578 2895 quo
621 2807 820 2878 lateri
879 2805 1203 2896 aequale,
1265 2810 1449 2897 quod
1492 2807 1677 2882 dioto
1726 2791 1975 2890 angulo
2024 2805 2331 2896 adjacet,
2378 2821 2449 2877 et
2488 2808 2610 2876 ba-

445 2917 572 2988 sim
621 2919 767 2986 basi
804 2917 1178 3007 aequalem,
1225 2933 1296 3026 et
1341 2919 1634 3020 angulos
1678 2919 1763 2988 ad
1810 2917 2001 2986 basin
2048 2917 2318 3002 angulis
2358 2916 2444 2986 ad
2488 2919 2611 2986 ba-

445 3031 552 3114 sin
597 3028 949 3119 aequales,
1015 3044 1150 3101 tam
1200 3021 1389 3116 eum,
1452 3029 1565 3117 qui
1626 3023 1914 3136 singulis
1961 3026 2353 3098 dictorum
2360 3049 2611 3113 aequa-

444 3135 608 3210 lium
652 3137 944 3221 laterum
1013 3135 1485 3228 subtenditur,
1558 3161 1761 3227 quam
1818 3138 2154 3230 reliquum
2216 3135 2607 3226 aequalibus

445 3244 772 3324 lateribus
821 3253 1313 3337 adjacentem.

766 3363 926 3433 Sint
955 3363 1090 3434 duo
1131 3355 1475 3442 triangula
1518 3358 1583 3428 A
1606 3355 1659 3426 B
1679 3357 1774 3448 C,
1818 3357 1877 3429 D
1900 3357 1960 3431 E
1980 3357 2031 3428 F
2072 3357 2393 3428 habentia
2424 3353 2607 3426 latus

445 3433 596 3544 ΡΨ·
769 3475 835 3544 A
866 3473 920 3543 B
974 3471 1177 3543 lateri
1213 3461 1368 3542 DE
1424 3467 1731 3556 aequale,
1765 3481 1836 3538 et
1870 3464 2195 3554 angulum
2234 3467 2449 3537 BAC
2486 3488 2608 3538 an

477 3539 566 3590 η’
759 3581 920 3664 gulo
965 3581 1168 3654 DEF
1211 3576 1599 3667 aequalem,
1647 3591 1717 3650 et
1757 3578 1907 3666 ipsa
1948 3579 2129 3649 inter
2173 3599 2251 3650 se
2280 3575 2609 3666 aequalia

450 3691 608 3772 (seu
651 3690 1005 3778 aequalem
1049 3713 1280 3762 aream
1322 3687 1711 3777 habentia):
1761 3687 1915 3760 dico
1959 3685 2294 3783 reliquum
2336 3707 2605 3772 quoque

447 3795 632 3869 latus
670 3797 806 3871 AC
847 3801 1108 3892 reliquo
1149 3799 1281 3890 DF
1343 3797 1627 3888 aequale
1670 3821 1879 3886 esse,
1931 3810 2001 3870 et
2042 3797 2237 3868 basin
2273 3793 2410 3867 BC
2453 3796 2603 3866 basi

452 3907 510 3980 E
535 3893 610 3981 F
625 3899 1021 4002 aequalem,
1067 3923 1135 3982 et
1177 3909 1504 4013 angulum
1546 3911 1623 3989 A
1640 3909 1692 3980 C
1720 3907 1773 3978 B
1822 3905 2072 3993 angulo
2117 3907 2251 3979 DF
2268 3904 2328 3978 E
2358 3927 2607 3994 aequa·
2616 3995 2623 4005 ι

455 4017 630 4099 lem,
675 4017 786 4100 qui
832 4016 1104 4102 quidem
1149 4019 1541 4107 aequalibus
1574 4013 1900 4089 lateribus
1930 4015 2105 4107 AB,
2146 4003 2211 4088 D
2235 4015 2297 4089 Ε
2324 4014 2611 4090 subten-
