2838 4673
429 193 581 278 280
638 197 831 330 αρ’.
880 195 1065 278 VII.
1108 195 1393 280 neon.
1426 173 1518 282 'L
1579 198 1830 282 Elem.
1865 196 2192 318 eiusque
2237 208 2607 283 constet.-

432 424 682 494 ductae
718 422 897 492 duae
948 434 1183 491 rectae
1236 423 1363 506 sub
1410 424 1884 514 inaequalibus
1919 425 2008 495 ad
2049 427 2272 512 ipsam
2323 426 2594 510 angulis

432 545 811 604 occurrant
864 533 1077 632 rectis
1148 531 1341 606 illum
1404 533 1736 618 angulum
1807 535 2588 622 comprehendentibus:

429 643 817 728 inaequalia
858 644 943 712 ab
984 641 1121 716 illis
1158 643 1373 718 rectis
1429 644 1840 715 abscindent
1895 659 2294 730 segmenta,
2351 647 2574 728 maius
2613 651 2624 660 “

431 755 709 844 quidem
757 774 843 824 ea
856 801 881 840 ,
946 774 1121 840 quae
1172 755 1300 824 sub
1345 753 1596 836 majori
1635 755 1890 840 angulo
1933 755 2142 827 ducta
2181 768 2336 843 θεῖς
2377 769 2448 826 et
2489 759 2600 826 in-

432 863 745 952 aequalia
787 865 1257 936 terminabunt
1294 863 1674 949 triangula,
1715 869 1938 950 majus
1995 863 2272 952 quidem
2317 887 2404 934 ea
2447 890 2634 936 rur-¹

431 997 553 1050 sus
568 976 608 1064 ,⁸
632 985 806 1066 quae
840 975 971 1048 sub
998 975 1247 1058 majori
1294 973 1550 1058 angulo
1590 975 1798 1046 ducta
1819 989 1950 1050 est.
2035 973 2440 1048 Notandum
2487 999 2601 1046 au—

430 1099 573 1157 tem
610 1099 682 1156 et
718 1085 885 1157 hoc:
934 1083 1145 1176 quod,
1183 1086 1245 1153 si
1286 1086 1413 1156 sub
1461 1086 1708 1168 majori
1761 1085 2016 1173 angulo
2059 1084 2312 1155 educta
2350 1108 2598 1156 occur-

396 1180 545 1272 'rat
588 1197 710 1266 uni
755 1207 1107 1266 rectarum
1150 1195 1462 1278 priorem
1485 1195 1814 1280 angulum
1835 1193 2596 1308 comprehendentium,

432 1309 561 1386 snb
601 1306 853 1378 minori
886 1303 1138 1376 educta
1182 1307 1580 1376 necessario
1615 1305 1818 1380 alteri
1857 1316 2202 1380 occurret.

679 1442 1253 1516 Theoremati
1298 1441 1393 1510 Π.
1449 1449 1542 1531 (§.
1580 1445 1722 1530 34.)
1765 1443 1946 1512 boet

598 1553 670 1625 Si
740 1550 1182 1640 quadrilateri
1258 1551 1554 1624 duorum
1619 1550 2032 1638 angulorum
2115 1553 2593 1638 oppositomm

427 1685 607 1738 unus
656 1663 931 1752 quidem
974 1660 1328 1749 bifariam,
1388 1661 1565 1731 alter
1591 1683 1762 1732 vero
1815 1663 1890 1730 in
1935 1661 2332 1747 inaequales
2390 1683 2590 1732 sece-

295 1863 303 1870 „
427 1785 546 1844 tur
592 1771 970 1859 diagonali:
1013 1771 1233 1840 latera
1273 1772 1580 1858 priorem
1627 1770 1958 1856 angulum
2001 1771 2594 1858 comprehenden-

428 1887 526 1956 tia
564 1882 947 1970 inaequalia
978 1895 1217 1968 erunt,
1258 1881 1482 1964 majus
1525 1882 1841 1966 quidem,
1879 1881 2060 1968 quod
2099 1883 2436 1964 majorem
2471 1903 2595 1950 an·-

428 1991 669 2076 gulum
700 2015 795 2062 ex
829 1990 1299 2074 inaequalibus
1338 1989 1729 2080 subtendit3
1791 2005 1864 2062 et
1895 1991 2440 2078 quadrilaterum
2483 1991 2592 2075 ip-

427 2121 585 2170 sum
626 2101 701 2169 in
734 2097 1127 2185 inaequales
1159 2099 1534 2183 portiones
1545 2095 1850 2172 ‘divisum
1885 2104 2072 2194 erit,
2108 2124 2404 2191 quorum
2451 2122 2592 2170 ma·

424 2208 539 2298 jor
579 2201 1122 2296 majori⁰angulo
1156 2207 1450 2292 adjacet.

642 2331 782 2423 'Th
802 2372 841 2463 e
859 2375 901 2423 o
919 2373 958 2422 r
979 2374 1017 2422 e
1032 2372 1162 2467 mna
1181 2350 1246 2423 ti
1290 2348 1418 2421 111.
1455 2354 1550 2443 (5.
1571 2356 1740 2453 βε.)
1761 2319 1850 2425 ὀι
1888 2350 2083 2427 VIII.
2112 2356 2212 2443 (§.
2244 2350 2389 2438 43.)
2411 2347 2590 2421 haec

428 2461 610 2534 duo:

598 2583 661 2647 1.
722 2570 791 2644 Si
828 2573 901 2643 in
936 2564 1512 2659 triangulo‘recta
1555 2590 1595 2640 e
1635 2572 1901 2642 vertice
1937 2572 2036 2643 ad-
2061 2574 2260 2647 basin
2295 2591 2594 2658 pei-pen·
2677 2574 2690 2583 ’
2797 2582 2799 2647 5

412 2680 753 2779 'dicularis
792 2684 1003 2754 dueta
1038 2678 1366 2765 angulum
1418 2681 1508 2750 ad
1550 2684 1884 2754 verticem
1915 2684 1990 2751 in
2037 2683 2432 2771 inaequales
2481 2702 2593 2751 se-

216 2786 223 2789 ’
304 2813 312 2817 ·
427 2804 574 2862 eet:
626 2793 825 2865 basin
859 2814 1152 2878 ,quoque
1200 2803 1271 2860 et
1322 2792 1549 2875 ipsum
1608 2792 2028 2875 triangulum
2079 2794 2154 2863 in
2204 2790 2591 2880 inaequalia

424 2902 724 2988 secabit,
755 2916 832 2972 et
874 2904 1005 2972 erit
1046 2915 1185 2971 tam
1214 2901 1435 2983 maius
1465 2902 1648 2973 basis
1685 2913 2120 2985 segmentum
2142 2922 2180 2989 ,⁵
2209 2926 2412 2989 quam
2440 2924 2591 2973 ma-

412 3009 533 3091 jor
571 3011 894 3096 trianguli
932 3014 1158 3099 portio
1208 3012 1294 3082 ad
1336 3010 1614 3084 easdem
1657 3012 1931 3099 partes,
1975 3012 2066 3107 ad
2107 3036 2275 3099 quas
2311 3027 2421 3082 est
2439 3034 2590 3082 ma-

411 3120 532 3205 jor
570 3144 732 3209 pars
767 3120 1001 3208 angluli
1042 3122 1129 3195 ad
1170 3125 1525 3206 verticem.
1594 3116 1685 3229 (G
1707 3120 1870 3226 hrte
1893 3134 1998 3198 st.
2059 3146 2108 3213 g
2135 3144 2354 3197 eom.
2409 3140 2581 3221 1³²3·

419 3240 568 3311 350.
612 3235 775 3305 Satz
806 3238 907 3321 6.)

558 3380 653 3445 ·2.
725 3370 795 3441 Si
845 3371 918 3439 in
978 3334 1341 3454 triangulo
1381 3360 1575 3439 reeta
1627 3366 1812 3439 linea
1851 3390 1892 3439 e
1933 3370 2197 3439 vertice
2244 3368 2331 3440 ad
2385 3369 2590 3439 basin

422 3478 662 3567 ducta,
714 3476 1042 3565 angulum
1104 3480 1378 3567 quidem
1439 3479 1527 3548 ad
1575 3478 1910 3549 verticem
1956 3480 2274 3550 bifa‘riam
2305 3478 2590 3562 dividat,
2715 3515 2766 3584 ‘-

418 3584 569 3661 basi
612 3602 843 3661 autem
876 3592 1151 3661 insistat
1186 3588 1694 3677 inaequalibus»,
1729 3590 1866 3660 hoc
1903 3603 2051 3677 est,
2105 3574 2433 3675 obliquis,
2468 3588 2592 3674 qui

418 3699 747 3787 deinceps
796 3714 995 3803 sunt,
1049 3698 1349 3784 angulis:
1406 3698 1790 3803 inaequalia
1833 3710 2036 3769 erunt
2073 3711 2218 3787 tum
2273 3700 2592 3780 triangul

286 3838 291 3846 ¹
412 3806 465 3899 li
506 3808 761 3905 latera,
812 3824 961 3885 tum
1002 3811 1197 3897 ipsae
1240 3807 1566 3896 trianguli
1594 3807 2016 3899 portiones,
2067 3820 2140 3879 et
2172 3808 2394 3891 maius
2432 3820 2596 3879 tum
