2838 4673
376 261 540 322 ‚202
641 234 838 308 CAP.
902 233 991 307 V.
1047 231 1119 306 T
1108 181 1325 306 hear}
1389 233 1456 309 I.
1531 191 1779 308 klem.
1848 229 2170 335 ejusque
2221 248 2562 310 consec-t.

270 439 273 442 ’
367 463 643 532 ,harum
686 443 993 526 terminis
1034 449 1146 525 'ad
1198 469 1512 524 extrema
1576 437 1754 526 illius
1815 471 2056 536 rectae,
2108 456 2293 524 intra
2349 457 2574 530 dictos

354 585 373 594 ‘
404 570 696 654 angulos
742 581 974 636 rectae
1032 563 1253 637 lineae
1314 565 1690 634 ducantur:
1750 586 1871 636 eae
1916 567 2299 652 inaequalia
2343 572 2580 636 termi-

372 685 667 752 ''nab‘unt
708 676 1075 759 triangula,
1134 679 1698 770 quorum-majus
1753 679 2000 759 majori
2055 677 2346 746 eductae
2392 677 2582 761 adja-

410 805 583 882 eet3·
612 803 682 858 et
742 785 1213 872 inaequalibus
1268 787 1353 854 ad
1396 788 1700 872 priorem
1749 799 2018 855 rectam
2064 787 2332 870 angulis
2377 789 2575 857 incli-

406 903 778 985 mabuntur,
829 899 1081 982 majori
1120 897 1392 984 quidem
1452 899 1574 986 ea,
1639 917 1814 983 quae
1877 920 1916 964 a
1960 897 2251 966 termino
2296 900 2574 982 majoris

405 1010 616 1081 dueta
656 1023 788 1083 est.

812 1257 1030 1326 Recta
1075 1257 1135 1322 A
1166 1257 1221 1323 D
1269 1254 1586 1321 bifariam
1633 1267 1823 1323 secta
1867 1254 1955 1322 sit
1997 1254 2066 1322 in
2111 1255 2191 1339 B,
2273 1267 2340 1324 et
2383 1277 2472 1324 ex
2517 1257 2570 1324 B

638 1366 926 1436 eductae
976 1367 1115 1434 sint
1156 1363 1329 1431 duae
1372 1363 1765 1447 inaequales
1808 1378 2041 1433 lectae
2084 1365 2239 1453 Bc,
2273 1365 2417 1432 ΒΕ
2449 1367 2574 1435 sub

524 1437 579 1486 3.
633 1473 900 1557 angulis
968 1473 1095 1542 CB
1128 1471 1219 1559 A,
1280 1473 1510 1540 EBD
1579 1473 2008 1565 aequalibus3
2085 1487 2153 1543 et
2195 1497 2286 1543 ex
2343 1499 2582 1546 earum
2643 1477 2667 1483 ”

401 1586 712 1654 terminis
760 1583 855 1670 C,
902 1584 961 1652 E
1004 1586 1185 1664 intra
1229 1583 1451 1650 dictos
1498 1581 1787 1666 angulos
1833 1583 1922 1654 ad
1968 1597 2286 1654 extrema
2330 1583 2608 1670 rectae*

403 1695 551 1766 AB
610 1695 949 1762 ducantur
1010 1705 1245 1760 rectae
1308 1693 1472 1778 CA,
1539 1693 1714 1761 ED.
1763 1693 1822 1762 si
1885 1693 2096 1762 fuerit
2155 1687 2288 1764 BC
2347 1697 2577 1778 major

402 1807 584 1896 ΒΕ,
632 1807 760 1873 erit
820 1802 1240 1885 triangulum
1305 1801 1520 1872 ABG
1554 1803 1803 1915 maJus
1848 1801 2112 1893 BDE,
2169 1818 2238 1874 et
2282 1804 2572 1890 angulus

324 1935 330 1940 ·
413 1913 642 1987 BAC
658 1915 878 1996 major
921 1913 1155 1981 BDE.
1475 1933 1490 1950 ·

449 1335 596 1409 Fiq.

202 1869 217 1932 l

372 2163 379 2182 ’
464 2188 471 2196 ·
578 2161 732 2228 2d0.
824 2157 891 2227 Si
938 2178 977 2226 a
1021 2169 1305 2244 punem,
1351 2156 1424 2226 in
1469 2182 1600 2243 quo
1644 2171 1836 2227 recta
1879 2158 2102 2245 aliqua
2142 2161 2218 2228 in
2255 2145 2582 2246 inaequa-

317 2297 335 2314 ··
400 2269 495 2360 lia
540 2281 899 2354 segmenta
958 2265 1334 2351 dividitur,
1388 2270 1564 2339 duae
1609 2267 1927 2355 aequales
1975 2283 2218 2340 rectae‘
2269 2272 2451 2363 (sive
2487 2272 2578 2341 ad

405 2380 701 2461 easdem,
743 2380 887 2447 sive
934 2375 1019 2444 ad
1082 2376 1394 2447 diversas
1451 2380 1702 2464 prioris
1761 2392 2056 2469 partes,)
2118 2384 2240 2451 sub
2301 2381 2572 2463 angulis

409 2487 839 2574 aequalibus,
885 2510 1055 2577 quos
1110 2486 1328 2556 altera
1391 2511 1548 2557 cum
1603 2488 1818 2559 altero
1882 2504 2241 2575 segmento
2286 2492 2574 2578 faciunt,

372 2599 706 2667 'eductae
766 2599 1048 2683 sint,„et
1092 2598 1183 2664 ab·
1216 2598 1459 2689 harum
1518 2602 1827 2669 terminis
1875 2601 1962 2668 ad
2021 2614 2334 2670 extrema
2392 2603 2573 2686 prio-

418 2708 517 2775 ris
562 2720 797 2775 rectae
842 2708 1029 2775 intra
1074 2708 1295 2777 dictos
1318 2708 1606 2791 angulos
1633 2711 1878 2780 ductae
1903 2710 2041 2779 sint
2069 2724 2302 2779 rectae
2325 2710 2575 2779 lineae:

404 2814 795 2901 inaequalia
839 2818 1304 2885 terminabunt
1346 2820 1715 2903 triangula,
1762 2844 2051 2904 quorum
2085 2822 2304 2903 majus
2335 2823 2579 2904 majoli

409 2938 769 3005 segmento
816 2927 1118 3015 insistitz,
1183 2942 1253 2995 et
1314 2927 1603 3009 angulos
1659 2954 1812 2997 cum
1871 2930 2136 3001 eductis
2181 2932 2578 3017 inaequales

284 3016 313 3048 ’Χ
408 3034 693 3123 facient,
740 3037 1071 3148 majorem
1098 2980 1390 3121 'quidem
1427 3060 1584 3107 eum
1626 3038 1870 3119 majori
1916 3040 2184 3109 educta.

491 3305 547 3364 f,
736 3281 955 3352 Recta
996 3270 1137 3351 AD
1180 3285 1253 3351 in
1301 3283 1418 3350 B
1399 3308 1472 3349 m
1530 3282 1915 3368 inaequalia
1959 3299 2316 3369 segmenta
2361 3286 2580 3378 divisa

452 3353 614 3505 Εἴ·
652 3390 783 3477 sit,
846 3404 916 3459 et
984 3413 1074 3461 ex
1132 3404 1389 3477 puncto
1447 3390 1499 3457 B
1560 3391 1851 3467 eductae
1895 3396 2036 3465 siut
2094 3396 2274 3465 duae
2332 3418 2584 3479 aequa-

562 3489 578 3504 ’
649 3498 748 3567 les
803 3489 1036 3571 rectae
1092 3502 1257 3585 BG,
1324 3502 1461 3567 BE
1521 3502 1644 3569 sub
1719 3503 1984 3587 angulis
2049 3507 2301 3592 CBA,
2349 3506 2574 3573 -EBD

404 3605 842 3698 aequalibus,
900 3622 971 3679 et
1001 3611 1285 3692 junctae
1331 3624 1562 3679 rectae
1612 3612 1766 3701 CA,
1814 3614 1872 3683 E
1904 3616 1998 3681 D·
2085 3617 2142 3684 si
2185 3617 2394 3683 fueiit
2439 3616 2572 3685 AB

400 3717 622 3798 majus
671 3731 1139 3810 segmentum;
1178 3721 1309 3785 erit
1346 3720 1762 3803 triangulum
1794 3722 1929 3792 AB
1957 3726 2010 3791 C
2067 3726 2288 3809 majus
2333 3726 2576 3813 BED,

402 3838 473 3895 et
546 3826 844 3911 an‘gulus
907 3828 1107 3896 ACB
1172 3830 1390 3912 major
1435 3828 1664 3904 BED.

244 3798 314 3839 ‚l
