<?xml version="1.0" encoding="UTF-8"?>
<!DOCTYPE html PUBLIC "-//W3C//DTD XHTML 1.0 Transitional//EN"
    "http://www.w3.org/TR/xhtml1/DTD/xhtml1-transitional.dtd">
<html xmlns="http://www.w3.org/1999/xhtml" xml:lang="en" lang="en">
 <head>
  <title>
</title>
<meta http-equiv="Content-Type" content="text/html;charset=utf-8" />
  <meta name='ocr-system' content='tesseract 3.04.00' />
  <meta name='ocr-capabilities' content='ocr_page ocr_carea ocr_par ocr_line ocrx_word'/>
</head>
<body>
  <div class='ocr_page' id='page_1' title='image "./scholaelogicoma00haubgoog_0239.png"; bbox 0 0 2838 4673; ppageno 0'>
   <div class='ocr_carea' id='block_1_1' title="bbox 477 237 2675 383">
    <p class='ocr_par' dir='ltr' id='par_1_1' title="bbox 477 237 2675 383">
     <span class='ocr_line' id='line_1_1' title="bbox 477 237 2675 383; baseline 0 -25"><span class='ocrx_word' id='word_1_1' title='bbox 477 289 629 358; x_wconf 73' lang='lat' dir='ltr'><strong>m·</strong></span> <span class='ocrx_word' id='word_1_2' title='bbox 683 283 878 357; x_wconf 58' lang='grc' dir='ltr'><strong>αι».</strong></span> <span class='ocrx_word' id='word_1_3' title='bbox 937 278 1078 357; x_wconf 81' lang='lat' dir='ltr'><strong>VJ.</strong></span> <span class='ocrx_word' id='word_1_4' title='bbox 1164 280 1457 355; x_wconf 70' lang='lat' dir='ltr'><strong>Theo-r.</strong></span> <span class='ocrx_word' id='word_1_5' title='bbox 1505 280 1572 356; x_wconf 84' lang='lat' dir='ltr'><strong>J.</strong></span> <span class='ocrx_word' id='word_1_6' title='bbox 1627 263 1877 357; x_wconf 62' lang='lat' dir='ltr'><strong>Eram.</strong></span> <span class='ocrx_word' id='word_1_7' title='bbox 1932 278 2253 383; x_wconf 71' lang='lat' dir='ltr'><strong>eJusque</strong></span> <span class='ocrx_word' id='word_1_8' title='bbox 2318 237 2675 363; x_wconf 53' lang='lat' dir='ltr'><strong>consec-t«</strong></span> 
     </span>
    </p>
   </div>
   <div class='ocr_carea' id='block_1_2' title="bbox 552 434 1052 455">
    <p class='ocr_par' dir='ltr' id='par_1_2' title="bbox 552 434 1052 455">
     <span class='ocr_line' id='line_1_2' title="bbox 552 434 1052 455; baseline 0 4218"><span class='ocrx_word' id='word_1_9' title='bbox 552 434 1052 455; x_wconf 95' lang='lat' dir='ltr'><strong> </strong></span> 
     </span>
    </p>
   </div>
   <div class='ocr_carea' id='block_1_3' title="bbox 477 500 2667 590">
    <p class='ocr_par' dir='ltr' id='par_1_3' title="bbox 477 500 2667 590">
     <span class='ocr_line' id='line_1_3' title="bbox 477 500 2667 590; baseline -0 -13"><span class='ocrx_word' id='word_1_10' title='bbox 477 528 638 577; x_wconf 85' lang='lat' dir='ltr'><strong>oum</strong></span> <span class='ocrx_word' id='word_1_11' title='bbox 680 504 894 590; x_wconf 80' lang='lat' dir='ltr'>priori</span> <span class='ocrx_word' id='word_1_12' title='bbox 936 515 1150 585; x_wconf 86' lang='lat' dir='ltr'><strong>recta,</strong></span> <span class='ocrx_word' id='word_1_13' title='bbox 1197 502 1500 585; x_wconf 79' lang='lat' dir='ltr'>itemque</span> <span class='ocrx_word' id='word_1_14' title='bbox 1539 522 1697 571; x_wconf 86' lang='lat' dir='ltr'><strong>eum</strong></span> <span class='ocrx_word' id='word_1_15' title='bbox 1740 500 2005 573; x_wconf 89' lang='lat' dir='ltr'><strong>duabus</strong></span> <span class='ocrx_word' id='word_1_16' title='bbox 2046 503 2393 589; x_wconf 82' lang='lat' dir='ltr'>prioribus</span> <span class='ocrx_word' id='word_1_17' title='bbox 2437 503 2667 576; x_wconf 70' lang='lat' dir='ltr'><strong>ductis</strong></span> 
     </span>
    </p>
   </div>
   <div class='ocr_carea' id='block_1_4' title="bbox 477 608 2143 816">
    <p class='ocr_par' dir='ltr' id='par_1_4' title="bbox 477 608 2108 814">
     <span class='ocr_line' id='line_1_4' title="bbox 477 608 1094 697; baseline -0.012 -9"><span class='ocrx_word' id='word_1_18' title='bbox 477 608 741 687; x_wconf 75' lang='lat' dir='ltr'><strong>facient</strong></span> <span class='ocrx_word' id='word_1_19' title='bbox 785 612 1094 697; x_wconf 83' lang='lat' dir='ltr'><strong>angulos.</strong></span> 
     </span>
     <span class='ocr_line' id='line_1_5' title="bbox 731 640 2143 816; baseline -0.001 -22"><span class='ocrx_word' id='word_1_20' title='bbox 731 722 1378 794; x_wconf 87' lang='lat' dir='ltr'><strong>Theorematis</strong></span> <span class='ocrx_word' id='word_1_21' title='bbox 1423 722 1594 795; x_wconf 83' lang='lat' dir='ltr'><strong>XX.</strong></span> <span class='ocrx_word' id='word_1_22' title='bbox 1641 640 1741 816; x_wconf 84' lang='grc'><strong>(5.</strong></span> <span class='ocrx_word' id='word_1_23' title='bbox 1788 723 1929 809; x_wconf 80' lang='grc'><strong><em>56.)</em></strong></span> <span class='ocrx_word' id='word_1_24' title='bbox 1972 722 2143 793; x_wconf 86' lang='lat' dir='ltr'><strong>hoc:</strong></span> 
     </span>
    </p>
   </div>
   <div class='ocr_carea' id='block_1_5' title="bbox 473 819 2670 1249">
    <p class='ocr_par' dir='ltr' id='par_1_5' title="bbox 473 819 2670 1249">
     <span class='ocr_line' id='line_1_6' title="bbox 646 819 2670 916; baseline -0.001 -12"><span class='ocrx_word' id='word_1_25' title='bbox 646 834 714 905; x_wconf 91' lang='lat' dir='ltr'><strong>Si</strong></span> <span class='ocrx_word' id='word_1_26' title='bbox 759 834 982 903; x_wconf 89' lang='lat' dir='ltr'><strong>eidem</strong></span> <span class='ocrx_word' id='word_1_27' title='bbox 1027 830 1176 901; x_wconf 88' lang='lat' dir='ltr'><strong>basi</strong></span> <span class='ocrx_word' id='word_1_28' title='bbox 1190 819 1310 899; x_wconf 90' lang='lat' dir='ltr'><strong>ad</strong></span> <span class='ocrx_word' id='word_1_29' title='bbox 1354 828 1669 901; x_wconf 87' lang='lat' dir='ltr'><strong>diversas</strong></span> <span class='ocrx_word' id='word_1_30' title='bbox 1710 842 1942 916; x_wconf 86' lang='lat' dir='ltr'><strong>partes</strong></span> <span class='ocrx_word' id='word_1_31' title='bbox 1986 833 2311 902; x_wconf 79' lang='lat' dir='ltr'><strong>insistant</strong></span> <span class='ocrx_word' id='word_1_32' title='bbox 2364 832 2497 902; x_wconf 88' lang='lat' dir='ltr'><strong>duo</strong></span> <span class='ocrx_word' id='word_1_33' title='bbox 2543 830 2670 902; x_wconf 90' lang='lat' dir='ltr'><strong>tri-</strong></span> 
     </span>
     <span class='ocr_line' id='line_1_7' title="bbox 483 917 2667 1029; baseline -0 -15"><span class='ocrx_word' id='word_1_34' title='bbox 483 942 738 1029; x_wconf 84' lang='lat' dir='ltr'><strong>angula</strong></span> <span class='ocrx_word' id='word_1_35' title='bbox 783 940 1121 1027; x_wconf 86' lang='lat' dir='ltr'><strong>aequalia,</strong></span> <span class='ocrx_word' id='word_1_36' title='bbox 1165 939 1490 1009; x_wconf 84' lang='lat' dir='ltr'><strong>habentia</strong></span> <span class='ocrx_word' id='word_1_37' title='bbox 1555 917 1886 1023; x_wconf 55' lang='lat' dir='ltr'><strong>adgulum</strong></span> <span class='ocrx_word' id='word_1_38' title='bbox 1940 940 2193 1025; x_wconf 74' lang='lat' dir='ltr'><strong>angulo</strong></span> <span class='ocrx_word' id='word_1_39' title='bbox 2268 940 2667 1029; x_wconf 85' lang='lat' dir='ltr'><strong>aequalem,</strong></span> 
     </span>
     <span class='ocr_line' id='line_1_8' title="bbox 479 1048 2667 1141; baseline 0 -20"><span class='ocrx_word' id='word_1_40' title='bbox 479 1056 592 1141; x_wconf 84' lang='lat' dir='ltr'><strong>qui</strong></span> <span class='ocrx_word' id='word_1_41' title='bbox 649 1053 944 1123; x_wconf 83' lang='lat' dir='ltr'><strong>diversis</strong></span> <span class='ocrx_word' id='word_1_42' title='bbox 996 1052 1177 1120; x_wconf 86' lang='lat' dir='ltr'><strong>basis</strong></span> <span class='ocrx_word' id='word_1_43' title='bbox 1223 1049 1557 1117; x_wconf 82' lang='lat' dir='ltr'><strong>extremis</strong></span> <span class='ocrx_word' id='word_1_44' title='bbox 1601 1050 1937 1141; x_wconf 19' lang='lat' dir='ltr'><strong>*adiacetr</strong></span> <span class='ocrx_word' id='word_1_45' title='bbox 1986 1048 2335 1120; x_wconf 85' lang='lat' dir='ltr'><strong>habebunt</strong></span> <span class='ocrx_word' id='word_1_46' title='bbox 2380 1064 2449 1121; x_wconf 89' lang='lat' dir='ltr'><strong>et</strong></span> <span class='ocrx_word' id='word_1_47' title='bbox 2484 1050 2667 1123; x_wconf 79' lang='lat' dir='ltr'><strong>latu&#39;s</strong></span> 
     </span>
     <span class='ocr_line' id='line_1_9' title="bbox 473 1147 2667 1249; baseline -0.001 -18"><span class='ocrx_word' id='word_1_48' title='bbox 473 1147 675 1231; x_wconf 75' lang='lat' dir='ltr'><strong>lateri</strong></span> <span class='ocrx_word' id='word_1_49' title='bbox 734 1158 1038 1247; x_wconf 87' lang='lat' dir='ltr'><strong>aequale,</strong></span> <span class='ocrx_word' id='word_1_50' title='bbox 1087 1155 1270 1247; x_wconf 86' lang='lat' dir='ltr'><strong>quod</strong></span> <span class='ocrx_word' id='word_1_51' title='bbox 1314 1155 1503 1225; x_wconf 89' lang='lat' dir='ltr'><strong>dicto</strong></span> <span class='ocrx_word' id='word_1_52' title='bbox 1535 1156 1789 1242; x_wconf 84' lang='lat' dir='ltr'><strong>angulo</strong></span> <span class='ocrx_word' id='word_1_53' title='bbox 1842 1160 2161 1244; x_wconf 82' lang='lat' dir='ltr'><strong>adjacet,</strong></span> <span class='ocrx_word' id='word_1_54' title='bbox 2210 1173 2279 1229; x_wconf 88' lang='lat' dir='ltr'><strong>et</strong></span> <span class='ocrx_word' id='word_1_55' title='bbox 2322 1160 2667 1249; x_wconf 77' lang='lat' dir='ltr'><strong>reliquum</strong></span> 
     </span>
    </p>
   </div>
   <div class='ocr_carea' id='block_1_6' title="bbox 337 1258 2679 1355">
    <p class='ocr_par' dir='ltr' id='par_1_6' title="bbox 337 1258 2679 1355">
     <span class='ocr_line' id='line_1_10' title="bbox 337 1258 2679 1355; baseline 0 -14"><span class='ocrx_word' id='word_1_56' title='bbox 337 1272 346 1289; x_wconf 91' lang='lat'><em>&#39;</em></span> <span class='ocrx_word' id='word_1_57' title='bbox 469 1269 670 1339; x_wconf 75' lang='lat' dir='ltr'><strong>latus·</strong></span> <span class='ocrx_word' id='word_1_58' title='bbox 722 1258 984 1355; x_wconf 76' lang='lat' dir='ltr'><strong>reliquo</strong></span> <span class='ocrx_word' id='word_1_59' title='bbox 1053 1264 1370 1354; x_wconf 87' lang='lat' dir='ltr'><strong>aequale,</strong></span> <span class='ocrx_word' id='word_1_60' title='bbox 1437 1280 1521 1351; x_wconf 76' lang='lat' dir='ltr'><strong>et</strong></span> <span class='ocrx_word' id='word_1_61' title='bbox 1573 1267 1913 1355; x_wconf 88' lang='lat' dir='ltr'><strong>reliquum</strong></span> <span class='ocrx_word' id='word_1_62' title='bbox 1958 1270 2044 1339; x_wconf 87' lang='lat' dir='ltr'><strong>ad</strong></span> <span class='ocrx_word' id='word_1_63' title='bbox 2091 1270 2287 1339; x_wconf 88' lang='lat' dir='ltr'><strong>basin</strong></span> <span class='ocrx_word' id='word_1_64' title='bbox 2334 1270 2679 1354; x_wconf 82' lang='lat' dir='ltr'><strong>angulum·</strong></span> 
     </span>
    </p>
   </div>
   <div class='ocr_carea' id='block_1_7' title="bbox 417 1375 2701 2456">
    <p class='ocr_par' dir='ltr' id='par_1_7' title="bbox 468 1375 2601 1468">
     <span class='ocr_line' id='line_1_11' title="bbox 468 1375 2601 1468; baseline -0 -17"><span class='ocrx_word' id='word_1_65' title='bbox 468 1380 755 1468; x_wconf 71' lang='lat' dir='ltr'><strong>reliquo,</strong></span> <span class='ocrx_word' id='word_1_66' title='bbox 795 1391 864 1448; x_wconf 91' lang='lat' dir='ltr'><strong>et</strong></span> <span class='ocrx_word' id='word_1_67' title='bbox 908 1375 1198 1460; x_wconf 83' lang='lat' dir='ltr'><strong>angulos</strong></span> <span class='ocrx_word' id='word_1_68' title='bbox 1245 1375 1675 1449; x_wconf 73' lang='lat' dir='ltr'><strong>ad&#39;vertiees</strong></span> <span class='ocrx_word' id='word_1_69' title='bbox 1722 1380 1905 1449; x_wconf 89' lang='lat' dir='ltr'><strong>inter</strong></span> <span class='ocrx_word' id='word_1_70' title='bbox 1948 1402 2023 1450; x_wconf 89' lang='lat' dir='ltr'><strong>se</strong></span> <span class='ocrx_word' id='word_1_71' title='bbox 2070 1377 2481 1467; x_wconf 41' lang='lat' dir='ltr'><strong>aequales&amp;</strong></span> <span class='ocrx_word' id='word_1_72' title='bbox 2554 1402 2557 1409; x_wconf 91' lang='lat'>·</span> <span class='ocrx_word' id='word_1_73' title='bbox 2594 1404 2601 1413; x_wconf 92' lang='lat'><em>·</em></span> 
     </span>
    </p>

    <p class='ocr_par' dir='ltr' id='par_1_8' title="bbox 729 1476 2207 1579">
     <span class='ocr_line' id='line_1_12' title="bbox 729 1476 2207 1579; baseline 0.002 -23"><span class='ocrx_word' id='word_1_74' title='bbox 729 1476 1365 1556; x_wconf 62' lang='lat' dir='ltr'><strong>&#39;Theorematis</strong></span> <span class='ocrx_word' id='word_1_75' title='bbox 1415 1488 1619 1557; x_wconf 85' lang='lat' dir='ltr'>XXI.</span> <span class='ocrx_word' id='word_1_76' title='bbox 1668 1494 1769 1579; x_wconf 83' lang='lat'><strong>(§.</strong></span> <span class='ocrx_word' id='word_1_77' title='bbox 1816 1491 1960 1575; x_wconf 80' lang='lat'><strong>57.)</strong></span> <span class='ocrx_word' id='word_1_78' title='bbox 2002 1488 2207 1574; x_wconf 54' lang='lat' dir='ltr'><strong>hoca</strong></span> 
     </span>
    </p>

    <p class='ocr_par' dir='ltr' id='par_1_9' title="bbox 638 1594 2667 1684">
     <span class='ocr_line' id='line_1_13' title="bbox 638 1594 2667 1684; baseline 0.001 -17"><span class='ocrx_word' id='word_1_79' title='bbox 638 1596 710 1667; x_wconf 92' lang='lat' dir='ltr'><strong>Si</strong></span> <span class='ocrx_word' id='word_1_80' title='bbox 755 1595 888 1666; x_wconf 84' lang='lat' dir='ltr'><strong>duo</strong></span> <span class='ocrx_word' id='word_1_81' title='bbox 939 1594 1284 1679; x_wconf 85' lang='lat' dir='ltr'><strong>triangula</strong></span> <span class='ocrx_word' id='word_1_82' title='bbox 1327 1595 1640 1684; x_wconf 85' lang='lat' dir='ltr'><strong>aequalia</strong></span> <span class='ocrx_word' id='word_1_83' title='bbox 1683 1602 2033 1667; x_wconf 83' lang='lat' dir='ltr'><strong>communi</strong></span> <span class='ocrx_word' id='word_1_84' title='bbox 2058 1597 2262 1668; x_wconf 81' lang='lat' dir='ltr'><strong>lateri</strong></span> <span class='ocrx_word' id='word_1_85' title='bbox 2303 1595 2391 1669; x_wconf 81' lang='lat' dir='ltr'><strong>a&#39;d</strong></span> <span class='ocrx_word' id='word_1_86' title='bbox 2433 1599 2667 1669; x_wconf 78' lang='lat' dir='ltr'><strong>diver-</strong></span> 
     </span>
    </p>

    <p class='ocr_par' dir='ltr' id='par_1_10' title="bbox 417 1701 2701 2341">
     <span class='ocr_line' id='line_1_14' title="bbox 472 1701 2663 1798; baseline 0 -19"><span class='ocrx_word' id='word_1_87' title='bbox 472 1728 589 1779; x_wconf 79' lang='lat' dir='ltr'><strong>sas</strong></span> <span class='ocrx_word' id='word_1_88' title='bbox 631 1708 835 1791; x_wconf 81' lang='lat' dir='ltr'><strong>hujus</strong></span> <span class='ocrx_word' id='word_1_89' title='bbox 893 1701 1125 1789; x_wconf 54' lang='lat' dir='ltr'><strong>partes</strong></span> <span class='ocrx_word' id='word_1_90' title='bbox 1189 1706 1615 1798; x_wconf 79' lang='lat' dir='ltr'><strong>adiacentia,</strong></span> <span class='ocrx_word' id='word_1_91' title='bbox 1718 1710 2047 1794; x_wconf 65' lang='lat' dir='ltr'><strong>angulum</strong></span> <span class='ocrx_word' id='word_1_92' title='bbox 2091 1731 2361 1795; x_wconf 88' lang='lat' dir='ltr'><strong>quoque</strong></span> <span class='ocrx_word' id='word_1_93' title='bbox 2393 1709 2663 1794; x_wconf 82' lang='lat' dir='ltr'><strong>&#39;angulo</strong></span> 
     </span>
     <span class='ocr_line' id='line_1_15' title="bbox 417 1810 2701 1905; baseline -0.001 -14"><span class='ocrx_word' id='word_1_94' title='bbox 417 1814 430 1831; x_wconf 61' lang='lat'>⁸</span> <span class='ocrx_word' id='word_1_95' title='bbox 477 1819 829 1905; x_wconf 85' lang='lat' dir='ltr'><strong>aequalem</strong></span> <span class='ocrx_word' id='word_1_96' title='bbox 875 1814 1179 1885; x_wconf 86' lang='lat' dir='ltr'><strong>habeant</strong></span> <span class='ocrx_word' id='word_1_97' title='bbox 1222 1818 1308 1886; x_wconf 85' lang='lat' dir='ltr'><strong>ad</strong></span> <span class='ocrx_word' id='word_1_98' title='bbox 1355 1818 1633 1889; x_wconf 87' lang='lat' dir='ltr'><strong>diversa</strong></span> <span class='ocrx_word' id='word_1_99' title='bbox 1678 1820 1824 1901; x_wconf 83' lang='lat' dir='ltr'><strong>ejus</strong></span> <span class='ocrx_word' id='word_1_100' title='bbox 1869 1818 2106 1891; x_wconf 86' lang='lat' dir='ltr'><strong>lateris</strong></span> <span class='ocrx_word' id='word_1_101' title='bbox 2152 1830 2508 1889; x_wconf 80' lang='lat' dir='ltr'><strong>extrema:</strong></span> <span class='ocrx_word' id='word_1_102' title='bbox 2537 1810 2701 1888; x_wconf 51' lang='lat' dir='ltr'><strong>hai</strong></span> 
     </span>
     <span class='ocr_line' id='line_1_16' title="bbox 471 1918 2663 2013; baseline 0 -17"><span class='ocrx_word' id='word_1_103' title='bbox 471 1928 732 1996; x_wconf 90' lang='lat' dir='ltr'><strong>bebunt</strong></span> <span class='ocrx_word' id='word_1_104' title='bbox 775 1938 845 1993; x_wconf 87' lang='lat' dir='ltr'><strong>et</strong></span> <span class='ocrx_word' id='word_1_105' title='bbox 883 1924 1224 2011; x_wconf 88' lang='lat' dir='ltr'><strong>reliquum</strong></span> <span class='ocrx_word' id='word_1_106' title='bbox 1265 1918 1447 1997; x_wconf 80' lang='lat' dir='ltr'><strong>latus</strong></span> <span class='ocrx_word' id='word_1_107' title='bbox 1490 1927 1757 2012; x_wconf 91' lang='lat' dir='ltr'><strong>reliquo</strong></span> <span class='ocrx_word' id='word_1_108' title='bbox 1804 1926 2111 2013; x_wconf 79' lang='lat' dir='ltr'><strong>aequale,</strong></span> <span class='ocrx_word' id='word_1_109' title='bbox 2160 1941 2231 1997; x_wconf 92' lang='lat' dir='ltr'><strong>et</strong></span> <span class='ocrx_word' id='word_1_110' title='bbox 2272 1931 2474 1999; x_wconf 89' lang='lat' dir='ltr'><strong>basin</strong></span> <span class='ocrx_word' id='word_1_111' title='bbox 2536 1930 2663 1997; x_wconf 85' lang='lat' dir='ltr'><strong>ba-</strong></span> 
     </span>
     <span class='ocr_line' id='line_1_17' title="bbox 472 2029 2659 2126; baseline 0 -22"><span class='ocrx_word' id='word_1_112' title='bbox 472 2036 573 2126; x_wconf 78' lang='lat' dir='ltr'><strong>si3</strong></span> <span class='ocrx_word' id='word_1_113' title='bbox 621 2048 690 2103; x_wconf 89' lang='lat' dir='ltr'><strong>et</strong></span> <span class='ocrx_word' id='word_1_114' title='bbox 743 2029 1081 2119; x_wconf 88' lang='lat' dir='ltr'><strong>reliquum</strong></span> <span class='ocrx_word' id='word_1_115' title='bbox 1142 2033 1230 2109; x_wconf 87' lang='lat' dir='ltr'><strong>ad</strong></span> <span class='ocrx_word' id='word_1_116' title='bbox 1292 2046 1659 2102; x_wconf 82' lang='lat' dir='ltr'><strong>commune</strong></span> <span class='ocrx_word' id='word_1_117' title='bbox 1718 2034 1896 2105; x_wconf 88' lang='lat' dir='ltr'><strong>latus</strong></span> <span class='ocrx_word' id='word_1_118' title='bbox 1962 2033 2290 2119; x_wconf 80' lang='lat' dir='ltr'><strong>angulum</strong></span> <span class='ocrx_word' id='word_1_119' title='bbox 2344 2032 2659 2126; x_wconf 86' lang='lat' dir='ltr'><strong>reliquo;</strong></span> 
     </span>
     <span class='ocr_line' id='line_1_18' title="bbox 472 2141 2663 2233; baseline 0.001 -19"><span class='ocrx_word' id='word_1_120' title='bbox 472 2156 545 2214; x_wconf 92' lang='lat' dir='ltr'><strong>et</strong></span> <span class='ocrx_word' id='word_1_121' title='bbox 588 2141 904 2230; x_wconf 81' lang='lat' dir='ltr'><strong>angulos,</strong></span> <span class='ocrx_word' id='word_1_122' title='bbox 951 2144 1068 2229; x_wconf 89' lang='lat' dir='ltr'><strong>qui</strong></span> <span class='ocrx_word' id='word_1_123' title='bbox 1125 2142 1327 2229; x_wconf 81' lang='lat' dir='ltr'><strong>lateri</strong></span> <span class='ocrx_word' id='word_1_124' title='bbox 1387 2144 1736 2213; x_wconf 86' lang='lat' dir='ltr'><strong>communi</strong></span> <span class='ocrx_word' id='word_1_125' title='bbox 1802 2157 2285 2233; x_wconf 80' lang='lat' dir='ltr'><strong>opponuntur,</strong></span> <span class='ocrx_word' id='word_1_126' title='bbox 2358 2146 2542 2216; x_wconf 89' lang='lat' dir='ltr'><strong>inter</strong></span> <span class='ocrx_word' id='word_1_127' title='bbox 2582 2167 2663 2217; x_wconf 85' lang='lat' dir='ltr'><strong>se</strong></span> 
     </span>
     <span class='ocr_line' id='line_1_19' title="bbox 475 2251 820 2341; baseline 0 -18"><span class='ocrx_word' id='word_1_128' title='bbox 475 2251 820 2341; x_wconf 80' lang='lat' dir='ltr'><strong>aequales.</strong></span> 
     </span>
    </p>

    <p class='ocr_par' dir='ltr' id='par_1_11' title="bbox 724 2362 2200 2456">
     <span class='ocr_line' id='line_1_20' title="bbox 724 2362 2200 2456; baseline 0.001 -24"><span class='ocrx_word' id='word_1_129' title='bbox 724 2362 1392 2434; x_wconf 87' lang='lat' dir='ltr'><strong>Theorematis</strong></span> <span class='ocrx_word' id='word_1_130' title='bbox 1433 2363 1676 2439; x_wconf 87' lang='lat' dir='ltr'><strong>XXII,</strong></span> <span class='ocrx_word' id='word_1_131' title='bbox 1720 2370 1811 2456; x_wconf 92' lang='grc'><strong><em>(5.</em></strong></span> <span class='ocrx_word' id='word_1_132' title='bbox 1848 2369 1987 2452; x_wconf 84' lang='grc'><strong><em>58.)</em></strong></span> <span class='ocrx_word' id='word_1_133' title='bbox 2031 2362 2200 2434; x_wconf 84' lang='lat' dir='ltr'><strong>hoe·</strong></span> 
     </span>
    </p>
   </div>
   <div class='ocr_carea' id='block_1_8' title="bbox 638 2467 2809 2564">
    <p class='ocr_par' dir='ltr' id='par_1_12' title="bbox 638 2467 2809 2564">
     <span class='ocr_line' id='line_1_21' title="bbox 638 2467 2809 2564; baseline -0 -18"><span class='ocrx_word' id='word_1_134' title='bbox 638 2477 709 2547; x_wconf 89' lang='lat' dir='ltr'><strong>Si</strong></span> <span class='ocrx_word' id='word_1_135' title='bbox 791 2471 1177 2556; x_wconf 82' lang='lat' dir='ltr'>diagonalis</span> <span class='ocrx_word' id='word_1_136' title='bbox 1241 2467 1779 2560; x_wconf 85' lang='lat' dir='ltr'><strong>quadrilaterum</strong></span> <span class='ocrx_word' id='word_1_137' title='bbox 1855 2474 2177 2544; x_wconf 88' lang='lat' dir='ltr'>bifariam</span> <span class='ocrx_word' id='word_1_138' title='bbox 2253 2485 2479 2562; x_wconf 88' lang='lat' dir='ltr'><strong>secet,</strong></span> <span class='ocrx_word' id='word_1_139' title='bbox 2588 2487 2663 2546; x_wconf 90' lang='lat' dir='ltr'><strong>et</strong></span> <span class='ocrx_word' id='word_1_140' title='bbox 2790 2547 2809 2564; x_wconf 38' lang='grc' dir='ltr'><em>Ι</em></span> 
     </span>
    </p>
   </div>
   <div class='ocr_carea' id='block_1_9' title="bbox 471 2581 2655 2671">
    <p class='ocr_par' dir='ltr' id='par_1_13' title="bbox 471 2581 2655 2671">
     <span class='ocr_line' id='line_1_22' title="bbox 471 2581 2655 2671; baseline -0.001 -15"><span class='ocrx_word' id='word_1_141' title='bbox 471 2609 632 2662; x_wconf 87' lang='lat' dir='ltr'><strong>oum</strong></span> <span class='ocrx_word' id='word_1_142' title='bbox 666 2585 1004 2671; x_wconf 84' lang='lat' dir='ltr'><strong>oppositis</strong></span> <span class='ocrx_word' id='word_1_143' title='bbox 1051 2583 1317 2653; x_wconf 86' lang='lat' dir='ltr'><strong>duobus</strong></span> <span class='ocrx_word' id='word_1_144' title='bbox 1365 2584 1695 2655; x_wconf 87' lang='lat' dir='ltr'><strong>lateribus</strong></span> <span class='ocrx_word' id='word_1_145' title='bbox 1732 2583 2049 2670; x_wconf 84' lang='lat' dir='ltr'><strong>aequales</strong></span> <span class='ocrx_word' id='word_1_146' title='bbox 2081 2581 2293 2654; x_wconf 85' lang='lat' dir='ltr'><strong>faciat</strong></span> <span class='ocrx_word' id='word_1_147' title='bbox 2322 2582 2655 2669; x_wconf 86' lang='lat' dir='ltr'><strong>angulos·</strong></span> 
     </span>
    </p>
   </div>
   <div class='ocr_carea' id='block_1_10' title="bbox 471 2692 2801 2797">
    <p class='ocr_par' dir='ltr' id='par_1_14' title="bbox 471 2692 2801 2797">
     <span class='ocr_line' id='line_1_23' title="bbox 471 2692 2801 2797; baseline -0.003 -28"><span class='ocrx_word' id='word_1_148' title='bbox 471 2697 780 2786; x_wconf 85' lang='lat' dir='ltr'><strong>aequalia</strong></span> <span class='ocrx_word' id='word_1_149' title='bbox 806 2705 1009 2766; x_wconf 88' lang='lat' dir='ltr'><strong>erunt</strong></span> <span class='ocrx_word' id='word_1_150' title='bbox 1033 2695 1195 2763; x_wconf 82' lang='lat' dir='ltr'><strong>bina</strong></span> <span class='ocrx_word' id='word_1_151' title='bbox 1228 2693 1374 2775; x_wconf 88' lang='lat' dir='ltr'><strong>ejus</strong></span> <span class='ocrx_word' id='word_1_152' title='bbox 1415 2695 1733 2780; x_wconf 88' lang='lat' dir='ltr'><strong>opposita</strong></span> <span class='ocrx_word' id='word_1_153' title='bbox 1760 2692 1998 2780; x_wconf 83' lang='lat' dir='ltr'><strong>latera,</strong></span> <span class='ocrx_word' id='word_1_154' title='bbox 2034 2694 2349 2797; x_wconf 79' lang='lat' dir='ltr'><strong>etanguli</strong></span> <span class='ocrx_word' id='word_1_155' title='bbox 2383 2694 2663 2780; x_wconf 84' lang='lat' dir='ltr'><strong>quadri·</strong></span> <span class='ocrx_word' id='word_1_156' title='bbox 2786 2713 2801 2728; x_wconf 88' lang='lat'><strong>·</strong></span> 
     </span>
    </p>
   </div>
   <div class='ocr_carea' id='block_1_11' title="bbox 445 2797 2739 3878">
    <p class='ocr_par' dir='ltr' id='par_1_15' title="bbox 469 2797 2658 3114">
     <span class='ocr_line' id='line_1_24' title="bbox 469 2797 2658 2891; baseline -0.005 -10"><span class='ocrx_word' id='word_1_157' title='bbox 469 2797 672 2881; x_wconf 75' lang='lat' dir='ltr'><strong>lateri</strong></span> <span class='ocrx_word' id='word_1_158' title='bbox 699 2807 796 2876; x_wconf 90' lang='lat' dir='ltr'><strong>illi</strong></span> <span class='ocrx_word' id='word_1_159' title='bbox 831 2801 1177 2888; x_wconf 87' lang='lat' dir='ltr'><strong>diagonali</strong></span> <span class='ocrx_word' id='word_1_160' title='bbox 1208 2804 1508 2889; x_wconf 87' lang='lat' dir='ltr'><strong>oppositi</strong></span> <span class='ocrx_word' id='word_1_161' title='bbox 1541 2802 1858 2890; x_wconf 85' lang='lat' dir='ltr'><strong>aequales</strong></span> <span class='ocrx_word' id='word_1_162' title='bbox 1892 2817 2116 2890; x_wconf 84' lang='lat' dir='ltr'><strong>erunt,</strong></span> <span class='ocrx_word' id='word_1_163' title='bbox 2158 2817 2227 2874; x_wconf 91' lang='lat' dir='ltr'><strong>et</strong></span> <span class='ocrx_word' id='word_1_164' title='bbox 2268 2806 2316 2872; x_wconf 92' lang='lat' dir='ltr'><strong>ii</strong></span> <span class='ocrx_word' id='word_1_165' title='bbox 2361 2825 2658 2891; x_wconf 85' lang='lat' dir='ltr'><strong>quoque,</strong></span> 
     </span>
     <span class='ocr_line' id='line_1_25' title="bbox 473 2903 2656 3007; baseline -0.002 -21"><span class='ocrx_word' id='word_1_166' title='bbox 473 2939 644 3005; x_wconf 84' lang='lat' dir='ltr'><strong>quos</strong></span> <span class='ocrx_word' id='word_1_167' title='bbox 704 2914 947 2985; x_wconf 89' lang='lat' dir='ltr'><strong>eadem</strong></span> <span class='ocrx_word' id='word_1_168' title='bbox 1007 2903 1390 2998; x_wconf 80' lang='lat' dir='ltr'><strong>diagonalis</strong></span> <span class='ocrx_word' id='word_1_169' title='bbox 1439 2935 1598 2983; x_wconf 87' lang='lat' dir='ltr'><strong>cum</strong></span> <span class='ocrx_word' id='word_1_170' title='bbox 1658 2911 1938 3007; x_wconf 83' lang='lat' dir='ltr'><strong>reliquis</strong></span> <span class='ocrx_word' id='word_1_171' title='bbox 2000 2913 2265 2986; x_wconf 87' lang='lat' dir='ltr'><strong>duobus</strong></span> <span class='ocrx_word' id='word_1_172' title='bbox 2322 2913 2656 2983; x_wconf 80' lang='lat' dir='ltr'><strong>lateribus</strong></span> 
     </span>
     <span class='ocr_line' id='line_1_26' title="bbox 475 3023 1689 3114; baseline -0.003 -16"><span class='ocrx_word' id='word_1_173' title='bbox 475 3026 810 3114; x_wconf 87' lang='lat' dir='ltr'><strong>oppositis</strong></span> <span class='ocrx_word' id='word_1_174' title='bbox 851 3024 1043 3111; x_wconf 81' lang='lat' dir='ltr'><strong>facit,</strong></span> <span class='ocrx_word' id='word_1_175' title='bbox 1093 3023 1418 3110; x_wconf 82' lang='lat' dir='ltr'><strong>aequales</strong></span> <span class='ocrx_word' id='word_1_176' title='bbox 1463 3035 1689 3094; x_wconf 89' lang='lat' dir='ltr'><strong>erunt.</strong></span> 
     </span>
    </p>

    <p class='ocr_par' dir='ltr' id='par_1_16' title="bbox 677 3133 2203 3224">
     <span class='ocr_line' id='line_1_27' title="bbox 677 3133 2203 3224; baseline 0 -20"><span class='ocrx_word' id='word_1_177' title='bbox 677 3133 1330 3206; x_wconf 86' lang='lat' dir='ltr'><strong>Theorematis</strong></span> <span class='ocrx_word' id='word_1_178' title='bbox 1377 3133 1650 3204; x_wconf 86' lang='lat' dir='ltr'><strong>XXIII.</strong></span> <span class='ocrx_word' id='word_1_179' title='bbox 1700 3139 1799 3224; x_wconf 83' lang='lat'><strong>(§.</strong></span> <span class='ocrx_word' id='word_1_180' title='bbox 1839 3139 1979 3222; x_wconf 84' lang='lat'><strong>59.)</strong></span> <span class='ocrx_word' id='word_1_181' title='bbox 2024 3134 2203 3211; x_wconf 82' lang='lat' dir='ltr'><strong>hoe:</strong></span> 
     </span>
    </p>

    <p class='ocr_par' dir='ltr' id='par_1_17' title="bbox 445 3239 2739 3878">
     <span class='ocr_line' id='line_1_28' title="bbox 641 3239 2652 3316; baseline -0.001 -2"><span class='ocrx_word' id='word_1_182' title='bbox 641 3243 713 3314; x_wconf 89' lang='lat' dir='ltr'><strong>Si</strong></span> <span class='ocrx_word' id='word_1_183' title='bbox 752 3244 824 3312; x_wconf 88' lang='lat' dir='ltr'><strong>in</strong></span> <span class='ocrx_word' id='word_1_184' title='bbox 869 3244 1042 3316; x_wconf 86' lang='lat' dir='ltr'><strong>duas</strong></span> <span class='ocrx_word' id='word_1_185' title='bbox 1097 3258 1327 3316; x_wconf 86' lang='lat' dir='ltr'><strong>rectas</strong></span> <span class='ocrx_word' id='word_1_186' title='bbox 1371 3242 1589 3312; x_wconf 88' lang='lat' dir='ltr'><strong>lineas</strong></span> <span class='ocrx_word' id='word_1_187' title='bbox 1646 3242 1958 3314; x_wconf 88' lang='lat' dir='ltr'><strong>incidens</strong></span> <span class='ocrx_word' id='word_1_188' title='bbox 2024 3242 2156 3312; x_wconf 86' lang='lat' dir='ltr'><strong>alia</strong></span> <span class='ocrx_word' id='word_1_189' title='bbox 2190 3240 2407 3313; x_wconf 86' lang='lat' dir='ltr'><strong>&#39;recta</strong></span> <span class='ocrx_word' id='word_1_190' title='bbox 2465 3239 2652 3312; x_wconf 80' lang='lat' dir='ltr'><strong>linea</strong></span> 
     </span>
     <span class='ocr_line' id='line_1_29' title="bbox 477 3349 2651 3444; baseline -0.001 -20"><span class='ocrx_word' id='word_1_191' title='bbox 477 3349 806 3438; x_wconf 83' lang='lat' dir='ltr'><strong>angulum</strong></span> <span class='ocrx_word' id='word_1_192' title='bbox 867 3353 1160 3443; x_wconf 79' lang='lat' dir='ltr'><strong>angulo,</strong></span> <span class='ocrx_word' id='word_1_193' title='bbox 1223 3355 1338 3442; x_wconf 90' lang='lat' dir='ltr'><strong>qui</strong></span> <span class='ocrx_word' id='word_1_194' title='bbox 1395 3365 1559 3424; x_wconf 90' lang='lat' dir='ltr'><strong>sunt</strong></span> <span class='ocrx_word' id='word_1_195' title='bbox 1601 3351 1888 3440; x_wconf 85' lang='lat' dir='ltr'><strong>alterni,</strong></span> <span class='ocrx_word' id='word_1_196' title='bbox 1944 3353 2190 3422; x_wconf 82' lang='lat' dir='ltr'><strong>feeerit</strong></span> <span class='ocrx_word' id='word_1_197' title='bbox 2243 3349 2651 3444; x_wconf 67' lang='lat' dir='ltr'><strong>aequalbm3</strong></span> 
     </span>
     <span class='ocr_line' id='line_1_30' title="bbox 475 3462 2655 3550; baseline -0 -16"><span class='ocrx_word' id='word_1_198' title='bbox 475 3477 546 3534; x_wconf 87' lang='lat' dir='ltr'><strong>et</strong></span> <span class='ocrx_word' id='word_1_199' title='bbox 591 3487 683 3532; x_wconf 83' lang='lat' dir='ltr'><strong>ex</strong></span> <span class='ocrx_word' id='word_1_200' title='bbox 723 3472 1014 3549; x_wconf 88' lang='lat' dir='ltr'><strong>utroque</strong></span> <span class='ocrx_word' id='word_1_201' title='bbox 1056 3476 1499 3550; x_wconf 84' lang='lat' dir='ltr'><strong>punctorum,</strong></span> <span class='ocrx_word' id='word_1_202' title='bbox 1544 3464 1617 3531; x_wconf 90' lang='lat' dir='ltr'><strong>in</strong></span> <span class='ocrx_word' id='word_1_203' title='bbox 1664 3485 1837 3548; x_wconf 89' lang='lat' dir='ltr'><strong>quae</strong></span> <span class='ocrx_word' id='word_1_204' title='bbox 1880 3463 2162 3550; x_wconf 77' lang='lat' dir='ltr'><strong>incidit,</strong></span> <span class='ocrx_word' id='word_1_205' title='bbox 2207 3462 2389 3531; x_wconf 89' lang='lat' dir='ltr'><strong>intra</strong></span> <span class='ocrx_word' id='word_1_206' title='bbox 2433 3471 2655 3545; x_wconf 65' lang='lat' dir='ltr'><strong>angm-</strong></span> 
     </span>
     <span class='ocr_line' id='line_1_31' title="bbox 471 3570 2653 3658; baseline -0.001 -15"><span class='ocrx_word' id='word_1_207' title='bbox 471 3573 614 3644; x_wconf 88' lang='lat' dir='ltr'><strong>lum</strong></span> <span class='ocrx_word' id='word_1_208' title='bbox 659 3595 817 3642; x_wconf 83' lang='lat' dir='ltr'><strong>eum</strong></span> <span class='ocrx_word' id='word_1_209' title='bbox 861 3593 953 3641; x_wconf 83' lang='lat' dir='ltr'><strong>ex</strong></span> <span class='ocrx_word' id='word_1_210' title='bbox 994 3572 1222 3658; x_wconf 85' lang='lat' dir='ltr'><strong>dictis,</strong></span> <span class='ocrx_word' id='word_1_211' title='bbox 1269 3574 1383 3658; x_wconf 90' lang='lat' dir='ltr'><strong>qui</strong></span> <span class='ocrx_word' id='word_1_212' title='bbox 1427 3571 1687 3656; x_wconf 90' lang='lat' dir='ltr'><strong>reliquo</strong></span> <span class='ocrx_word' id='word_1_213' title='bbox 1728 3585 1987 3657; x_wconf 91' lang='lat' dir='ltr'><strong>puncto</strong></span> <span class='ocrx_word' id='word_1_214' title='bbox 2032 3571 2325 3658; x_wconf 79' lang='lat' dir='ltr'><strong>adiacet,</strong></span> <span class='ocrx_word' id='word_1_215' title='bbox 2399 3570 2653 3641; x_wconf 79' lang='lat' dir='ltr'><strong>ductae</strong></span> 
     </span>
     <span class='ocr_line' id='line_1_32' title="bbox 445 3681 2656 3770; baseline -0.001 -19"><span class='ocrx_word' id='word_1_216' title='bbox 445 3682 653 3751; x_wconf 92' lang='lat' dir='ltr'><strong>-duae</strong></span> <span class='ocrx_word' id='word_1_217' title='bbox 697 3693 931 3750; x_wconf 84' lang='lat' dir='ltr'><strong>rectae</strong></span> <span class='ocrx_word' id='word_1_218' title='bbox 975 3681 1062 3750; x_wconf 89' lang='lat' dir='ltr'><strong>ad</strong></span> <span class='ocrx_word' id='word_1_219' title='bbox 1100 3685 1455 3767; x_wconf 87' lang='lat' dir='ltr'><strong>oppositas</strong></span> <span class='ocrx_word' id='word_1_220' title='bbox 1480 3683 1609 3752; x_wconf 90' lang='lat' dir='ltr'><strong>sibi</strong></span> <span class='ocrx_word' id='word_1_221' title='bbox 1638 3695 1987 3751; x_wconf 82' lang='lat' dir='ltr'><strong>rectarum</strong></span> <span class='ocrx_word' id='word_1_222' title='bbox 2019 3681 2351 3770; x_wconf 87' lang='lat' dir='ltr'><strong>priorum,</strong></span> <span class='ocrx_word' id='word_1_223' title='bbox 2398 3703 2656 3767; x_wconf 82' lang='lat' dir='ltr'><strong>aequa-</strong></span> 
     </span>
     <span class='ocr_line' id='line_1_33' title="bbox 476 3775 2739 3878; baseline -0.001 -16"><span class='ocrx_word' id='word_1_224' title='bbox 476 3789 570 3862; x_wconf 84' lang='lat' dir='ltr'><strong>lia</strong></span> <span class='ocrx_word' id='word_1_225' title='bbox 624 3793 998 3862; x_wconf 86' lang='lat' dir='ltr'><strong>terminent</strong></span> <span class='ocrx_word' id='word_1_226' title='bbox 1057 3790 1437 3876; x_wconf 85' lang='lat' dir='ltr'><strong>triangula:</strong></span> <span class='ocrx_word' id='word_1_227' title='bbox 1502 3812 1624 3861; x_wconf 82' lang='lat' dir='ltr'><strong>eae</strong></span> <span class='ocrx_word' id='word_1_228' title='bbox 1685 3794 1863 3862; x_wconf 88' lang='lat' dir='ltr'><strong>inter</strong></span> <span class='ocrx_word' id='word_1_229' title='bbox 1921 3809 1999 3861; x_wconf 92' lang='lat' dir='ltr'><strong>se</strong></span> <span class='ocrx_word' id='word_1_230' title='bbox 2053 3790 2371 3876; x_wconf 87' lang='lat' dir='ltr'><strong>aequales</strong></span> <span class='ocrx_word' id='word_1_231' title='bbox 2417 3803 2647 3876; x_wconf 89' lang='lat' dir='ltr'><strong>erunt,</strong></span> <span class='ocrx_word' id='word_1_232' title='bbox 2696 3775 2739 3878; x_wconf 21' lang='grc' dir='ltr'>ἣ</span> 
     </span>
    </p>
   </div>
   <div class='ocr_carea' id='block_1_12' title="bbox 355 3889 2652 3989">
    <p class='ocr_par' dir='ltr' id='par_1_18' title="bbox 355 3889 2652 3989">
     <span class='ocr_line' id='line_1_34' title="bbox 355 3889 2652 3989; baseline -0 -17"><span class='ocrx_word' id='word_1_233' title='bbox 355 3951 362 3962; x_wconf 40' lang='lat' dir='ltr'>f</span> <span class='ocrx_word' id='word_1_234' title='bbox 479 3916 550 3972; x_wconf 85' lang='lat' dir='ltr'><strong>et</strong></span> <span class='ocrx_word' id='word_1_235' title='bbox 619 3901 928 3989; x_wconf 84' lang='lat' dir='ltr'><strong>aequalia</strong></span> <span class='ocrx_word' id='word_1_236' title='bbox 999 3922 1044 3970; x_wconf 83' lang='lat' dir='ltr'><strong>a</strong></span> <span class='ocrx_word' id='word_1_237' title='bbox 1116 3903 1463 3987; x_wconf 84' lang='lat' dir='ltr'><strong>prioribus</strong></span> <span class='ocrx_word' id='word_1_238' title='bbox 1524 3902 1741 3971; x_wconf 83' lang='lat' dir='ltr'><strong>rec-tis</strong></span> <span class='ocrx_word' id='word_1_239' title='bbox 1821 3901 2231 3973; x_wconf 85' lang='lat' dir='ltr'><strong>abscindent</strong></span> <span class='ocrx_word' id='word_1_240' title='bbox 2288 3889 2652 3986; x_wconf 79' lang='lat' dir='ltr'><strong>s&#39;egmenta</strong></span> 
     </span>
    </p>
   </div>
  </div>
 </body>
</html>
