2838 4673
69 1058 82 1256 f
169 1087 194 1113 .

779 244 1258 332 ..contrarie
1288 273 1683 334 conversa
1711 257 1933 335 *alim
2102 291 2118 310 ··
2330 254 2484 344 816

244 388 257 419 l
367 410 1105 447 --Γ-,,--,,
1829 394 1833 396 ·
2008 399 2049 405 -·
2121 390 2128 408 ι
2257 404 2263 412 .
2299 405 2307 412 .

504 490 599 552 5ο.
636 532 640 540 .
684 479 751 548 Si
829 478 1358 566 quadrilaterum
1390 470 1668 552 'habeat
1737 480 2061 566 angulum
2136 485 2479 570 diagonali

342 592 637 662 divisum
682 589 992 661 bifariam
1011 636 1034 675 ,
1110 612 1202 659 ex
1262 589 1564 685 reliquis·
1594 612 1760 662 vero
1815 589 2082 674 angulis
2129 592 2318 670 duos
2347 592 2477 668 sibi

337 705 633 772 invicem
721 699 1071 785 oppositos
1156 698 1587 786 inaequales:
1688 700 1823 771 duo
1900 704 2127 774 eirea·¹⁴
2153 704 2479 788 angulum

334 816 633 902 priorem
688 811 904 880 latera
945 805 1323 894 inaequalia
1364 809 1677 895 habebit,
1743 824 1814 881 et
1853 812 1967 898 qui
2017 815 2150 898 ipsi
2193 817 2483 900 opponi-

201 934 236 984 ζ
341 937 453 992 tur
473 971 493 1005 ‚
561 921 847 1005 angulus
910 941 991 988 ac
1062 933 1279 990 totum
1340 917 1873 1005 ‘quadrilaterum
1951 919 2068 993 illa
2137 922 2481 1010 diagonali

335 1036 409 1102 in
447 1029 824 1117 inaequalia
865 1029 1086 1098 divisa
1128 1041 1348 1100 erunt.

502 1177 596 1240 βο.
684 1166 753 1236 Si
838 1158 1369 1268 quadiilaterum
1453 1158 1711 1237 habens
1787 1167 1921 1237 duo
2003 1164 2220 1238 latera
2287 1169 2476 1259 eirea
2602 1209 2610 1219 ·

335 1300 545 1347 unum
585 1275 912 1359 angulum
953 1273 1365 1360 inaequalia,
1424 1276 1733 1345 bifariam
1775 1277 2069 1348 divisum
2110 1279 2200 1348 sit
2240 1275 2479 1360 diago-

330 1373 469 1457 nali
510 1410 637 1472 per
691 1385 948 1453 dIetum
1003 1381 1324 1467 angulum
1382 1398 1819 1471 transeunte:
1905 1386 2145 1455 eadem
2203 1399 2277 1454 et
2336 1386 2476 1457 die·

338 1496 450 1566 tus
494 1493 817 1577 angulus,
877 1505 947 1563 et
986 1495 1100 1582 qui
1140 1492 1269 1582 ipsi
1317 1490 1715 1583 opponitur,
1761 1494 1832 1561 in
1873 1493 2262 1582 inaequales
2305 1497 2480 1576 divi-
2533 1555 2544 1565 .

332 1605 392 1675 'si
436 1617 659 1676 erunt.
1904 1626 1915 1633 ·

498 1741 595 1815 7ο.
681 1736 751 1808 Si
796 1735 1170 1821 diagonalis
1213 1734 1739 1824 quadrilaterum
1794 1732 2064 1820 quidem
2121 1735 2343 1827 ipsum
2404 1737 2478 1806 in
2604 1770 2625 1789 =

336 1844 685 1933 aequalia„
730 1871 941 1917 unum
983 1859 1210 1915 autem
1261 1845 1700 1933 angulorum,
1775 1864 1902 1927 per
1964 1847 2132 1928 quos
2176 1837 2478 1933 transit,

336 1946 407 2025 in
466 1955 855 2043 inaequales
914 1953 1261 2025 diviserit:
1340 1953 1694 2040 reliquum·
1733 1975 1999 2050 quoque
2040 1952 2311 2023 illorum
2353 1977 2477 2024 an·

335 2064 651 2151 gulorum
690 2065 764 2133 in
804 2060 1193 2150 inaequales
1236 2061 1518 2135 dividet.
1779 2050 1784 2060 ¹

494 2208 587 2269 80.
674 2200 742 2270 Si
784 2184 1309 2287 quadrilaterum
1351 2199 1611 2269 habens
1654 2199 1826 2269 duos
1869 2192 2475 2293 angulos-opposi-⁴
2550 2237 2563 2261 .-
2681 2193 2686 2198 ’

334 2323 439 2382 tos
482 2307 869 2397 inaequales
912 2307 1225 2378 bifariam
1268 2321 1532 2381 sectum
1591 2311 1682 2380 sit
1721 2304 2064 2393 diagonali
2106 2329 2244 2398 ‚per
2299 2308 2471 2379 duos
2599 2375 2604 2389 ,

333 2421 632 2505 reliquos
687 2417 975 2500 angulos
1034 2430 1474 2488 transeunte:
1511 2477 1515 2481 .
1550 2430 1616 2485 u!

329 2527 718 2613 inaequales
761 2538 991 2596 sectus
1036 2528 1218 2617 erit,
1289 2550 1577 2618 quorum

101 2680 115 2692 -
241 2734 255 2746 Ι
334 2634 721 2726 inaequales
767 2649 993 2713 erunt.
1063 2689 1069 2708 .

1266 2836 1336 2949 ς.
1380 2862 1530 2933 327.

450 3145 453 3148 Δ
496 3047 631 3121 Ad
690 3022 1075 3134 figuram
1108 3049 1474 3149 Quaen.
1539 3048 1662 3121 lv.
1709 3055 1901 3133 Cap.
1940 3055 2037 3119 u.
2097 3055 2308 3115 haee:

501 3168 588 3227 1ο.
677 3158 745 3228 Si
790 3156 1221 3243 quadrilateri
1263 3156 1576 3254 opposita
1615 3155 1831 3225 latera
1871 3154 2006 3243 duo
2032 3154 2316 3241 quidem
2365 3174 2480 3220 ae-

217 3262 222 3268 ’
338 3267 560 3355 qualia
588 3271 758 3343 sint..
796 3267 929 3338 duo
957 3266 1217 3358 reliqua
1245 3288 1412 3336 vero
1440 3262 1851 3351 inaequalia:
1896 3237 2271 3345 diagonalis
2291 3276 2482 3329 utia-

339 3401 467 3463 que
525 3402 678 3449 oum
736 3378 1064 3468 oppositis
1119 3376 1444 3451 lateribus
1489 3372 1905 3463 aequalibus
1919 3362 2128 3441 faciet
2187 3369 2476 3496 angulos

261 3479 268 3484 ’
334 3487 768 3575 inaequales.

500 3607 586 3666 2ο
654 3598 723 3672 Si
784 3594 1312 3683 quadrilaterum
1366 3589 1627 3668 habens
1688 3591 1824 3661 duo
1887 3590 2105 3661 latera
2161 3587 2478 3675 opposita

339 3706 688 3794 aequalia,¹
723 3704 1065 3790 diagonali
1106 3703 1450 3793 dividatur
1489 3704 1560 3772 in
1601 3701 2016 3801 inaequalia:
2064 3720 2148 3772 ea
2179 3720 2335 3771 eum
2373 3718 2483 3768 ae-

214 3875 219 3883 .
338 3815 647 3903 qualibus
686 3816 1012 3890 lateribus
1043 3813 1438 3903 inaequales
1480 3814 1688 3885 faciet
1730 3809 2042 3922 angulos».
