2838 4673
434 290 466 335 ι
481 222 577 335 56
608 258 801 333 CAP.
817 257 943 335 IV
936 312 953 331 .
978 259 1111 355 Ex
1138 258 1211 333 T
1202 258 1656 377 heoremate
1674 228 1942 353 primo
1966 224 2562 367 Elementorum
2615 342 2621 345 ῃ

583 482 809 553 Factis
850 482 1117 569 iisdem,
1162 504 1331 568 quae
1352 482 1584 567 prius,
1617 478 1886 561 juncta'
1897 480 1948 548 F
1981 480 2043 547 G
2084 480 2328 563 faciet,
2375 470 2556 565 quod

429 590 840 679 imperatur·
894 588 1327 669 inclinabitur
1368 593 1548 661 enim
1607 590 1698 661 ad
1745 598 1808 663 A
1859 588 1915 657 Β
1974 589 2232 693 angulo
2267 591 2554 661 Ο’ὶιιῑειιιὲι
2621 608 2626 613 ·
2679 650 2688 677 ,

370 723 379 733 ·
420 703 489 773 A
534 698 597 771 G
636 701 689 775 F
730 702 992 809 aequali
1034 701 1281 790 angulo
1322 704 1403 773 A·
1429 695 1489 771 E
1531 701 1618 770 D.
1899 700 1903 705 ’
2606 716 2620 729 ”

1364 821 1612 902 §.192

595 916 1033 1018 Theoremati
1072 922 1258 993 XLI.
1306 931 1394 1011 (§,
1439 926 1582 1013 78.)
1623 920 1796 1001 haee
1837 920 2387 1005 respondebunt:

383 1089 387 1093 .
590 1026 1081 1107 Problema
1133 1034 1383 1107 LXIX.
1441 1022 1450 1035 ⁴
1497 1044 1688 1115 Dato·
1736 1028 2073 1113 triangulo
2135 1032 2552 1117 aequicruri,
2601 1016 2614 1098 '.

303 1194 311 1203 .
342 1222 347 1227 ·
430 1150 499 1208 et
540 1155 645 1221 ex,
670 1161 807 1207 uno
834 1126 1011 1230 baeis
1047 1154 1356 1211 extremo
1392 1140 1595 1209 dueta
1619 1138 1812 1212 recta
1841 1141 1925 1209 ad
1957 1162 2115 1209 erus
2145 1141 2552 1225 oppositum:
2649 1134 2658 1147 '

431 1254 746 1332 oporteat
821 1270 911 1318 ex
968 1249 1183 1319 altero
1240 1252 1421 1322 basis
1481 1262 1794 1319 extremo
1855 1240 1942 1317 ad
2004 1271 2160 1319 orus
2214 1247 2551 1333 reliquum

428 1356 681 1425 ducere
720 1369 981 1429 rectam
1019 1360 1231 1445 priori
1274 1360 1544 1429 ductae
1567 1358 1936 1444 aequalem.

822 1481 1075 1541 Datum
1116 1469 1205 1539 sit
1250 1468 1656 1553 triangulum
1702 1469 2056 1553 aequicrus
2097 1472 2163 1537 A
2191 1464 2244 1535 Β
2269 1468 2358 1552 G,
2399 1482 2470 1538 et
2512 1490 2552 1538 e
2619 1510 2630 1525 ψ

440 1536 616 1678 1ξὲ
666 1579 845 1647 basis
868 1592 1198 1651 '’exuemo
1244 1580 1293 1647 Β
1338 1579 1424 1647 ad
1475 1603 1634 1655 crus
1690 1576 2090 1663 oppositum
2127 1578 2195 1643 A
2230 1577 2314 1647 G
2345 1577 2551 1646 ducta

658 1702 847 1758 recta
902 1700 957 1759 Β
990 1690 1087 1757 D:
1180 1703 1495 1773 oporteat
1533 1712 1626 1759 ex
1667 1688 1883 1760 altero
1925 1688 2105 1755 basis
2148 1699 2454 1757 extremo
2493 1686 2552 1757 C

429 1802 519 1872 ad
561 1788 717 1871 crus
760 1796 1092 1909 reliquum
1171 1794 1313 1869 AB
1360 1798 1644 1880 ducere
1697 1800 1998 1881 rectam
2019 1798 2238 1881 priori
2296 1794 2548 1867 ductae

310 1909 319 1919 ’
424 1911 481 2007 Β
513 1912 575 2031 D
621 1902 1023 1997 aequalem.

592 2015 1082 2089 Problema
1134 2016 1353 2090 LXX
1399 2019 1594 2089 Datis
1613 2016 1918 2089 iisdem:
1963 2030 2280 2105 oporteat
2316 2037 2408 2089 ex
2441 2015 2550 2085 al·-

430 2141 581 2198 tero
610 2129 803 2197 basis
848 2141 1162 2197 extremo
1208 2127 1297 2195 ad.
1341 2150 1498 2197 crus
1542 2126 1889 2213 reliquum
1917 2128 2170 2197 ducere
2231 2137 2546 2213 rectam,
2661 2124 2670 2128 ’

331 2222 347 2233 ’
430 2262 603 2327 quae
662 2234 1074 2319 triangulum
1142 2238 1460 2305 terminet
1517 2240 1760 2308 vertici
1803 2239 1942 2307 dati
1998 2233 2314 2319 trianguli
2366 2234 2549 2317 adja-

430 2373 622 2424 oens
638 2346 917 2434 aequale
958 2347 1047 2431 ei,
1089 2346 1269 2432 quod
1308 2350 1498 2432 prior
1540 2349 1746 2451 dueta
1785 2349 2128 2416 terminat.
2223 2398 2232 2412 ,

592 2471 770 2532 Data
811 2456 951 2526 sint
993 2443 1273 2542 eadeni,
1356 2481 1526 2562 quae
1567 2463 1790 2545 prius·
1878 2468 2194 2543 oporteat
2235 2477 2324 2522 ex
2363 2467 2418 2526 Β
2463 2453 2554 2524 ad

441 2589 600 2636 crus
643 2568 706 2635 A
732 2581 787 2638 B
814 2555 1091 2634 ducere
1144 2581 1449 2653 rectam,
1537 2589 1745 2653 quae
1765 2559 2178 2650 triangulum
2227 2566 2549 2636 terminet

419 2676 663 2746 vertici
694 2679 759 2752 A
802 2675 1119 2766 adjacens
1166 2675 1444 2774 aequale
1491 2675 1836 2760 triangulo
1870 2679 1938 2746 A
1978 2676 2032 2743 B
2073 2671 2158 2744 D.

582 2785 1031 2880 Problema
1070 2787 1331 2854 LXXI.
1363 2785 1559 2860 Datis
1601 2785 1880 2884 iisdem.
1916 2797 2229 2870 oporteat
2265 2723 2352 2855 ati
2387 2751 2549 2856 erus

422 2896 681 2966 dictum
739 2896 812 2964 in
873 2895 1086 2964 altero
1143 2895 1325 2964 basis
1386 2907 1699 2966 extremo
1760 2896 2178 2964 constituere
2230 2893 2551 2978 angulum

414 3007 597 3076 intra
637 3003 1047 3087 triangulum
1085 3003 1346 3090 datum,
1390 3003 1740 3088 aequalem
1772 3005 1869 3092 ei,
1916 3028 2109 3089 quem
2132 3006 2320 3088 prior
2343 3005 2550 3092 ducta

410 3117 483 3194 in
522 3114 734 3208 priori
776 3114 960 3182 basis
980 3125 1291 3183 extremo
1312 3135 1468 3182 eum
1497 3107 1754 3196 reliquo
1775 3134 1972 3182 crure
2009 3114 2560 3218 comprehendit..¹
2669 3143 2674 3154 ·

585 3235 765 3294 Data
810 3217 960 3294 sint
989 3223 1249 3309 eadem,
1298 3241 1474 3308 quae·
1513 3221 1741 3304 prius:
1789 3238 1858 3292 et
1901 3233 2214 3310 oporteat
2255 3223 2342 3292 ad
2385 3245 2554 3295 crus
2645 3309 2650 3313 .
2689 3271 2696 3280 2

378 3311 477 3404 'A
512 3334 623 3408 C
602 3357 673 3402 ιιι
720 3343 770 3405 C
814 3335 1232 3402 constituere
1270 3330 1593 3412 angulum
1630 3329 1812 3402 intra
1835 3333 2248 3420 triangulum
2269 3335 2333 3402 A
2362 3334 2418 3403 B
2447 3345 2508 3408 C
2517 3381 2545 3424 ‚

414 3442 764 3528 aequalem
808 3439 1059 3525 angulo
1094 3444 1160 3513 A
1199 3441 1251 3509 B
1294 3441 1381 3508 D.
1534 3484 1541 3493 —

582 3552 639 3620 P
660 3574 756 3620 ro
778 3549 865 3620 bl
893 3573 1014 3618 em
1040 3573 1080 3620 a
1120 3523 1415 3618 LXXII.
1503 3507 1695 3620 Datis
1747 3545 2031 3622 ii'sdem:
2095 3564 2417 3637 oporteat
2449 3575 2542 3622 ex

417 3658 643 3734 altero
676 3661 857 3728 basis
902 3651 1213 3726 extremo
1255 3669 1514 3726 rectam
1559 3657 1852 3748 ducere,
1932 3682 2100 3746 quae
2174 3661 2260 3728 acl
2319 3662 2538 3744 cruris
2659 3675 2668 3740 j
2729 3669 2736 3672 ’

388 3769 707 3864 ‘oppositi
747 3777 1176 3849 segmentum
1218 3767 1460 3835 vertici
1504 3769 1820 3852 adjacens
1867 3771 1993 3838 ab
1975 3791 2124 3853 ipsa
2156 3765 2538 3841 absc-issum

407 3871 771 3942 inclinetur
816 3874 1064 3958 angulo
1107 3872 1367 3962 aequali
1409 3881 1512 3963 ei,
1541 3955 1546 3960 ,
1573 3900 1703 3964 quo
1745 3880 1935 3962 'prior
1978 3877 2182 3948 ducta
2224 3881 2310 3948 ad
2351 3872 2538 3964 prio·
2603 3909 2608 3920 ·

380 3982 501 4052 -ris
544 3983 763 4050 cruris
804 3997 1232 4068 segmentum
1272 3989 1516 4061 vertici
1556 3988 1876 4070 adiacens
1915 3986 2239 4058 inclinata
2269 3975 2406 4058 est.

1384 4290 1434 4320 L,
