2838 4673
372 233 377 246 ι
476 287 613 368 3ιά
700 295 883 364 ΟΑΡ.
938 287 1153 370 VIII.
1211 253 1618 385 Thenas.
1643 264 2242 396 Elemieiusque
2269 302 2606 370 conseet.

490 439 1440 480 W

1396 630 1459 712 §-
1533 629 1683 732 sas

636 791 777 864 Ad
829 789 1240 872 figuram
1298 789 1508 872 igitur
1572 787 1954 882 Quaest.
2019 789 2077 858 Ι.
2141 789 2336 870 Cas.
2399 789 2462 864 L
2524 803 2608 862 et

386 879 842 996 Quaest.
888 897 976 967 II.
1027 897 1378 984 sequentia
1430 897 1824 1006 habebimus
1861 921 2141 984 eorum,
2202 920 2372 986 quae
2427 897 2598 982 illie,

345 999 372 1019 “
469 1009 967 1080 theorematum
1028 1011 1367 1090 contrarie
1443 1029 1809 1084 conversa:
1863 1029 2070 1102 quae
2130 1009 2431 1088 numeris
2503 1009 2624 1098 sien

354 1153 383 1220 J
469 1118 1005 1202 distinguemus,
1066 1129 1141 1186 ut
1180 1118 1649 1202 respondeant
1681 1119 1979 1186 numeris
2020 1138 2259 1196 eorum
2307 1118 2380 1185 ln
2441 1122 2502 1208 §.
2541 1123 2603 1206 5.

470 1235 588 1299 321
637 1239 705 1296 et
742 1233 887 1296 323.
873 1273 927 1312 .,
993 1246 1082 1294 ex
1126 1225 1363 1310 quibus
1406 1235 1935 1312 consequuntur.

636 1345 734 1416 1ᾳ.
778 1333 846 1404 Si
890 1337 945 1402 e‘
968 1335 1225 1404 vertice
1266 1333 1585 1420 trianguli
1627 1335 2040 1422 aequicruris
2073 1333 2158 1408 ad
2182 1333 2405 1413 basim
2440 1332 2606 1403 duc-

468 1459 538 1532 ta
592 1460 817 1530 reeta,
875 1445 1097 1528 ipsam
1136 1457 1330 1516 secet
1369 1447 1443 1512 in
1483 1433 1897 1530 inaequalia:
1959 1465 2041 1524 ea
2083 1441 2404 1527 angulum
2447 1465 2605 1528 quo·

468 1577 597 1642 que
641 1555 727 1636 ad
768 1556 1096 1673 verticem
1136 1555 1205 1625 in
1246 1548 1624 1638 inaequalia
1666 1551 1948 1640 dividet.
2163 1579 2186 1622 ι.

618 1689 729 1760 ss.
798 1688 871 1758 Si
922 1688 994 1757 in
1034 1686 1373 1771 triangulo
1416 1685 1710 1762 habente
1753 1687 1887 1756 duo
1928 1686 2144 1759 latera
2183 1687 2598 1794 inaequalia,

464 1809 661 1866 reeta
718 1817 793 1864 e.
812 1798 1066 1866 vertice
1127 1796 1331 1866 ducta
1390 1797 1582 1866 basin
1641 1795 1954 1867 bifariam
2009 1810 2235 1866 secet:
2321 1819 2404 1868 ea
2458 1796 2602 1870 basi

469 1906 595 1975 sub
641 1902 905 1988 angulis
942 1905 1265 1990 deinceps
1306 1903 1770 1990 inaequalibus
1811 1927 1936 1976 seu
1983 1905 2267 1990 obliquis
2311 1906 2603 1982 insistet.
2623 1995 2647 2002 -

556 2049 647 2107 2ο.
692 2037 769 2108 Si
804 2038 1214 2120 triangulum
1258 2039 1612 2122 aequicrus
1654 2051 1843 2106 recta
1886 2059 1923 2105 e
1966 2039 2222 2108 vertice
2278 2038 2368 2108 ad
2411 2040 2605 2108 basin

469 2147 673 2218 dueta
732 2144 1071 2216 dividatur
1134 2147 1206 2214 in
1261 2143 1684 2228 inaequalia:
1773 2147 2011 2214 eadem
2065 2160 2255 2216 reeta
2311 2147 2642 2230 angulus·

470 2274 774 2344 quoque,
826 2255 959 2352 qui
1002 2263 1109 2326 est
1149 2253 1237 2324 ad
1276 2255 1644 2340 verticem,
1705 2255 1775 2336 in
1815 2254 2194 2341 inaequalia
2235 2257 2595 2326 dividetur.

482 2374 489 2388 “
630 2372 729 2437 3ο.
801 2362 869 2433 sl
914 2374 1105 2445 recta
1146 2384 1185 2432 e
1224 2363 1487 2432 vertice
1527 2361 1848 2447 trianguli
1899 2366 2311 2451 aequicruris
2355 2368 2440 2437 ad
2483 2370 2602 2437 ba-

400 2484 413 2495 ’
467 2474 575 2552 sin
619 2471 859 2560 dueta,
925 2471 1209 2557 obliquis
1252 2472 1398 2541 basi
1454 2474 1726 2543 insistat
1767 2472 2068 2558 angulis.
2153 2486 2238 2580 ea
2279 2471 2602 2611 angulum

468 2582 557 2659 ad
597 2581 925 2651 verticem
963 2582 1035 2651 in
1073 2579 1455 2667 inaequalia
1501 2581 1776 2663 dividet.

631 2698 725 2761 3⁶.
770 2690 841 2763 Si
884 2704 1073 2761 recta
1112 2688 1432 2773 trianguli
1473 2690 1668 2759 basin
1706 2691 2052 2779 bifariam,
2095 2691 2415 2777 angulum
2436 2712 2600 2762 vero

468 2799 559 2871 ad
598 2798 927 2871 verticem
966 2801 1039 2869 in
1078 2796 1460 2901 inaequalia
1501 2810 1720 2878 seeets
1783 2820 1864 2877 ea
1879 2801 2024 2933 basi
2061 2802 2345 2899 obliquis
2385 2798 2638 2885 angu-'

462 2908 548 2980 lis
591 2910 877 2991 insistet.
935 2936 941 2947 ¹
1028 2986 1031 2991 ,

629 3022 739 3093 3ο.
778 3019 853 3087 si
897 3019 969 3091 in
1014 3016 1349 3101 triangulo
1393 3018 1686 3088 habente
1729 3016 2012 3102 angulos
2052 3020 2140 3091 ad
2177 3021 2372 3093 basin
2411 3024 2602 3094 inae·

466 3125 729 3215 quales,
794 3138 983 3205 reeta
1030 3148 1070 3197 e
1110 3128 1368 3209 vertice
1410 3129 1616 3209 dueta
1655 3128 1846 3197 basin
1889 3128 2198 3211 bifariam
2231 3140 2458 3217 secet:
2517 3148 2602 3207 ea

433 3236 637 3307 basi
664 3236 929 3322 oblique
970 3238 1258 3317 insistet.
1728 3289 1734 3297 ,
1783 3262 1788 3269 ·
2228 3286 2239 3295 -

628 3348 727 3424 43.
787 3346 855 3415 Si
897 3356 1089 3415 recta
1133 3342 1452 3428 trianguli
1496 3306 1816 3431 angulum
1875 3294 1961 3416 ad
1997 3289 2326 3416 verticem
2367 3340 2604 3413 bisari-

468 3475 602 3537 am,
668 3456 867 3531 basin
902 3467 1128 3523 autem
1170 3454 1241 3523 in
1280 3454 1659 3539 inaequalia
1697 3468 1943 3526 secetz-
1981 3455 2356 3541 inaequalia
2397 3464 2604 3525 erunt
2656 3514 2662 3519 .

466 3564 611 3645 ejus
656 3562 905 3651 latera,
970 3576 1039 3632 et
1098 3573 1283 3631 reeta
1336 3560 1453 3631 illa
1493 3563 1638 3634 basi
1679 3564 1944 3667 oblique
1985 3564 2294 3653 insistet,
2364 3576 2436 3631 et
2487 3560 2606 3640 tri·

466 3671 696 3755 anguli
744 3692 970 3743 aream
1015 3670 1463 3755 inaequaliter
1511 3671 1789 3749 dividet.
1877 3672 1882 3677 ’

597 3782 723 3849 4ὂ.
768 3780 839 3851 Si
882 3782 953 3849 in
994 3776 1331 3877 triangulo
1374 3779 1590 3851 latera
1631 3782 1921 3851 habente
1955 3779 2366 3866 inaequalia,
2409 3791 2611 3851 reeta

461 3912 501 3967 β
542 3891 800 3985 vertiqe
848 3889 939 3961 ad
980 3868 1175 3976 basin
1214 3889 1796 3984 perpendicularis
1835 3890 2040 3965 dueta
2081 3892 2212 3963 sit.
2255 3911 2338 3960 ea
2365 3889 2606 3976 basin‘,

2803 933 2811 940 ι

2813 843 2824 1018 -Ἀμ-.-
2817 773 2824 802 ⁴

2805 2279 2824 2367 An.-
2801 1523 2824 2258 ...ᾤ-*α*
