2838 4673
422 201 601 284 aas
657 203 844 282 CAP.
886 201 1111 278 VIII.
1158 201 1440 278 Theon
1475 202 1548 278 J.
1595 202 1844 278 Elem.-
1876 201 2196 302 eiusque
2242 211 2588 324 conset-t.
2683 243 2692 253 ,
2790 213 2793 226 '

1396 515 1460 597 §-
1519 517 1669 584 322.

612 667 989 758 Negativas
1030 673 1537 760 propositiones
1581 673 1668 743 ad
1709 674 2000 745 eandem
2040 671 2394 754 El.1.,4.
2443 695 2601 761 per-

450 779 749 857 tinentes
792 782 1047 869 aliquot
1087 781 1506 864 subjicimus.
1565 783 1798 856 Tales
1844 784 1976 854 hae
2019 795 2254 853 erunt.
2601 803 2606 810 ·

616 894 890 978 Duabus
934 881 1143 962 rectis
1186 891 1650 978 inaequalibus
1679 917 1817 962 non
1849 882 2172 978 possunt',
2207 849 2603 974 utbasibus‚

443 1007 761 1078 insistere
803 1002 936 1070 duo
970 997 1395 1105 triangula,
1409 999 1729 1075 habentia
1769 1003 1903 1073 duo
1945 1001 2180 1071 latera
2203 998 2468 1072 duobus
2507 1000 2599 1068 la·
2637 1097 2644 1100 ³

448 1116 745 1204 teribus,
804 1109 1094 1180 alterum
1155 1110 1386 1198 alteri,
1446 1109 1790 1204 aequalIa,
1850 1125 1920 1181 et
1982 1109 2307 1195 angulum
2329 1109 2596 1198 angulo
2655 1147 2663 1166 .

449 1222 835 1310 aequalem,
882 1221 995 1305 qui
1038 1223 1123 1288 ab
1166 1215 1299 1290 illis
1342 1219 1668 1292 lateribus
1711 1219 2337 1306 comprehenditur.

472 1347 481 1352 ·
612 1331 805 1402 Intra
882 1330 1060 1400 duos
1142 1328 1433 1413 angulos
1503 1329 1894 1420 inaequales
1972 1353 2181 1399 unum
2251 1347 2412 1398 crus
2479 1317 2615 1398 uni

455 1441 641 1514 cruri
682 1417 983 1562 lacquale
1048 1436 1417 1528 habentes,
1496 1465 1636 1511 non
1694 1454 1986 1526 possunt
2057 1463 2148 1510 ex
2225 1437 2603 1548 aequalium
2699 1493 2707 1508 .

450 1574 729 1625 crurum
789 1547 1095 1620 terminis
1161 1549 1249 1618 ad
1320 1570 1524 1620 crura
1581 1549 1842 1636 reliqua
1901 1549 2059 1618 duci
2118 1531 2294 1618 duae
2347 1559 2601 1632 rectae,

447 1683 622 1750 quae
669 1673 738 1729 et
777 1659 958 1726 in'ter
999 1679 1074 1726 se
1111 1657 1433 1744 aequales
1475 1670 1545 1729 et
1587 1659 1676 1730 ad
1716 1641 1919 1758 chira
1954 1660 2193 1744 priora
2231 1656 2603 1768 aequaliter

446 1769 817 1844 inclinatae
862 1768 1022 1850 sint.

698 1879 857 1948 Huc
900 1889 971 1946 et
1011 1876 1262 1946 referri
1302 1890 1535 1962 potest
1574 1887 1632 1968 §.
1675 1880 1787 1950 86.

612 1987 807 2058 Datis
870 1985 1135 2054 duobus
1195 1987 1463 2068 angulis
1523 1985 1956 2075 aequalibus,
2017 1998 2087 2057 et
2149 2006 2348 2072 crure
2397 1985 2599 2056 unius

450 2097 639 2166 cruri
684 2093 961 2163 alterius
1006 2094 1309 2181 aequali,
1354 2118 1492 2164 non
1537 2109 1859 2180 poterunt
1901 2119 1940 2164 e
1979 2095 2285 2165 terminis
2327 2117 2606 2165 crurum

452 2203 833 2291 aequalium
875 2203 1039 2270 duci
1098 2203 1273 2272 duae
1315 2217 1587 2292 rectae,
1648 2226 1818 2290 quae
1860 2227 2142 2274 crurum
2182 2201 2453 2290 quidem
2495 2225 2606 2272 re-

451 2315 789 2401 liquorum
830 2323 1188 2395 segmenta
1242 2311 1550 2399 aequalia
1593 2304 2028 2403 abscindant,
2089 2313 2428 2415 triangula
2475 2336 2600 2387 au·

453 2437 593 2528 tem
630 2422 1013 2517 inaequalia
1058 2424 1515 2495 terminent.-

513 2548 521 2553 ·
616 2532 687 2601 Si
728 2543 919 2600 recta
962 2510 1327 2601 terminata
1366 2554 1522 2605 cum
1565 2533 1827 2603 duobus
1886 2531 2152 2617 angulis
2195 2536 2328 2618 ipsi
2369 2535 2439 2601 in
2481 2554 2607 2603 ex-

456 2638 690 2727 tremis
734 2640 878 2721 eius
925 2639 1012 2710 ad
1054 2640 1332 2709 easdem
1388 2656 1619 2727 partes
1664 2640 2128 2725 adjacentibus
2172 2642 2471 2729 aequalis
2516 2646 2608 2714 sit
2731 2679 2736 2687 ,
2800 2650 2803 2685 ³

346 2744 350 2751 '
394 2758 405 2767 ’
450 2746 651 2816 lateri
712 2748 997 2831 alicujus
1057 2744 1381 2833 trianguli
1434 2774 1588 2825 cum
1646 2750 1909 2825 duobus
1971 2746 2242 2836 angulis
2292 2753 2423 2839 ipsi
2485 2754 2610 2822 ad-

440 2856 868 2941 jacentibus&
958 2854 1097 2927 non
1156 2860 1409 2945 poterit
1476 2862 1548 2927 in
1607 2882 1744 2929 uno
1817 2846 2290 2931 extremorum
2349 2864 2602 2947 prioris

454 2978 690 3035 rectae
734 2978 934 3035 extra
974 2966 1087 3038 vel
1125 2963 1307 3037 intra
1349 2968 1776 3051 adjacentem
1837 2970 1968 3054 ipsi
2023 2971 2348 3055 angulum
2410 2981 2607 3040 recta
2647 3057 2657 3069 θ

450 3076 656 3163 duci,
734 3074 905 3161 quae
964 3096 1005 3143 a
1057 3095 1259 3146 crure
1318 3078 1633 3163 opposito
1687 3074 1928 3163 reliqui
1971 3080 2202 3163 anguli
2245 3081 2606 3151 abscindat
2649 3169 2659 3179 ¹
2714 3136 2718 3148 .

450 3197 712 3253 rectam
753 3182 1103 3283 aequalem
1140 3183 1337 3255 lateri
1384 3169 1703 3269 trianguli
1742 3188 2066 3275 angulum
2104 3190 2319 3275 priori
2361 3207 2607 3275 aequa-

453 3290 591 3363 lem
638 3276 1091 3365 subtendenti.

1386 3468 1451 3551 ς.
1516 3469 1668 3537 323.

648 3592 807 3662 J'am
864 3612 1033 3663 vero
1090 3596 1295 3665 etiam
1329 3596 1439 3695 'ad
1496 3598 2008 3683 propositiones
2047 3570 2429 3684 duas‘capss
2473 3598 2606 3672 VI.

455 3706 517 3788 §.
581 3701 726 3771 240.
782 3704 927 3773 263.
988 3701 1315 3787 traditas,
1394 3704 1772 3778 videamus,
1806 3705 1891 3774 de
1957 3727 2193 3777 earum
2251 3712 2606 3779 contrarie

456 3809 851 3900 conversis;
920 3832 1094 3897 quae
1134 3812 1309 3881 fiunt
1335 3814 1405 3883 in
1437 3811 1660 3889 locum
1689 3813 1889 3913 unius
1933 3836 2024 3887 ex
2061 3816 2369 3901 partibus
2413 3832 2609 3887 ante·-
