2838 4673
418 277 573 358 218
628 277 822 353 Car.
898 275 1033 353 VI.
1110 275 1401 376 Dicor.
1431 274 1518 351 1.
1561 269 2189 375 Elam-ejusque
2255 221 2612 352 consent.

422 500 651 590 qualia
690 500 1066 572 terminent
1122 482 1500 582 triangula,
1541 497 1900 588 verticem.
1951 519 2390 574 communem
2449 523 2646 577 cum-

414 611 777 695 -triangulo
845 611 1231 696 aequicruri
1294 609 1655 680 habentia.
1729 609 1802 678 in
1873 609 2062 680 idem
2115 607 2326 682 illius
2371 626 2616 684 rectae

422 734 773 811 punctum
813 721 1152 809 incident,
1196 732 1271 789 et
1308 723 1494 790 inter
1537 741 1614 790 se
1655 716 1974 805 aequales
2018 725 2268 794 erunt!
2428 746 2434 753 ·
2529 744 2544 785 ι

618 833 775 902 Et
812 831 991 904 hoe·

592 941 662 1011 Si
696 939 1023 1026 trianguli
1070 941 1498 1030 aequicruris
1543 887 1870 1032 angulum
1916 939 2004 1010 ad
2056 939 2394 1012 verticem
2433 940 2614 1010 bisa-

343 1113 349 1126 .
424 1052 599 1121 riam
645 1063 835 1121 secet
876 1064 1091 1134 recta,
1138 1055 1286 1122 sive
1325 1051 1508 1120 ultra
1549 1052 1746 1122 basin
1786 1050 2168 1138 producta,
2225 1052 2374 1120 sive
2425 1052 2614 1122 intra

426 1159 845 1244 triangulum
889 1159 1303 1251 terminata3
1365 1174 1436 1231 et
1494 1184 1584 1232 ex
1631 1162 1778 1244 ejus
1834 1161 2130 1230 termino
2175 1160 2262 1230 ad
2305 1160 2442 1230 duo
2485 1163 2613 1231 tri-

426 1271 661 1356 anguli
699 1293 777 1340 ci
780 1292 903 1340 ura
932 1270 1179 1358 ductae
1224 1266 1400 1340 duae
1444 1285 1678 1372 rectae
1723 1269 2034 1357 aequalia
2075 1273 2444 1342 terminent
2479 1275 2606 1341 tri·

430 1368 685 1464 angula
730 1403 1166 1450 communem
1209 1383 1546 1450 verticem
1589 1405 1748 1452 cum
1792 1382 2182 1467 aequicruri
2239 1381 2604 1475 habentia:

327 1519 337 1530 ·
429 1491 490 1560 si
532 1512 770 1560 earum
812 1513 950 1560 una
993 1490 1254 1559 incidat
1294 1493 1367 1560 in
1410 1515 1624 1564 tulum
1666 1495 1848 1568 basis
1893 1505 2330 1584 extremum3
2389 1465 2612 1562 altera

436 1622 704 1688 quoque
770 1601 844 1670 in
906 1599 1199 1670 alterum
1252 1602 1441 1674 basis
1504 1615 1897 1674 extremum
1937 1602 2236 1686 incidet,
2283 1615 2352 1672 et
2387 1602 2610 1690 priori

446 1705 747 1796 aequalis
796 1713 951 1783 erit.
2503 1737 2534 1760 ⁸
2636 1719 2646 1722 “
2699 1695 2720 1708 x

539 1809 1071 1892 ”Ostenduntur
1103 1819 1279 1890 haec
1324 1821 1663 1894 indirecte
1708 1822 1936 1911 ope,§.
1973 1829 2119 1894 212.
2149 1830 2302 1910 2133
2347 1821 2611 1904 directe

430 1944 949 2024 consequuntur
990 1954 1085 2004 ex
1130 1939 1189 2024 ς.
1234 1934 1385 2004 240.

375 2107 403 2139 s
1689 2081 1694 2112 Ι

1298 2180 1314 2190 ’
1386 2241 1450 2326 5.
1497 2207 1651 2306 245.

1196 2400 1207 2441 l

594 2454 770 2527 The
794 2476 837 2523 ο
860 2476 955 2525 re
978 2472 1102 2523 ma
1125 2455 1249 2526 tis
1292 2454 1490 2531 VIII.
1532 2454 1647 2530 vel
1672 2454 1801 2541 lx.
1845 2464 1947 2550 (§·
1981 2458 2084 2528 43.
2119 2457 2262 2543 44.)
2291 2454 2427 2527 hoc
2475 2458 2611 2526 erit

434 2584 971 2637 conversum
1010 2589 1035 2635 ε.
2119 2646 2126 2655 ι
2279 2632 2288 2643 ,

598 2676 667 2753 Si
720 2674 1143 2761 acl‘aliquam
1204 2687 1473 2745 rectam
1523 2674 1776 2748 lineam
1819 2698 1858 2745 e
1898 2690 2158 2763 puncto
2201 2690 2440 2747 rectae
2480 2677 2612 2762 ipsi

426 2783 1013 2881 perpendicularis
1090 2797 1161 2853 et
1220 2784 1309 2853 ad
1360 2797 1686 2871 utrasque
1747 2773 1952 2870 h'ujus
2014 2786 2609 2872 perpendicularis

371 2893 380 2901 ”
418 2907 663 2979 partes
708 2895 955 2970 ductae
996 2895 1173 2973 duae
1208 2908 1448 2965 rectae
1467 2895 1785 2983 'aequalia
1816 2897 2196 2965 terminent
2225 2894 2608 2989 triangula:

426 3020 551 3079 ‚eae
611 3016 972 3087 segmenta
1018 3005 1291 3091 prioris
1344 3021 1580 3095 rectae
1639 2990 1950 3093 aequalia
1993 3009 2236 3077 abscin
2255 3007 2467 3095 dent3
2541 3017 2610 3075 et

296 3102 307 3111 ’
426 3112 620 3198 ipsae
666 3114 879 3189 inter
896 3136 976 3185 se
1020 3112 1337 3201 aequales
1375 3131 1617 3209 erunt3
1695 3130 1766 3187 et
1809 3118 1897 3187 ad
1948 3120 2253 3203 priorem
2293 3102 2598 3207 rectam,

347 3233 352 3238 ’
426 3223 729 3309 itemque
781 3222 870 3297 ad
922 3225 1566 3313 perpendicularem
1622 3226 2016 3314 aequalibus
2080 3224 2348 3313 angulis
2405 3224 2605 3295 incli-

428 3334 800 3403 nabuntur.

625 3441 756 3512 Vel
789 3443 1103 3516 brevius:
1681 3536 1686 3541 ³

402 3613 442 3651 .·
556 3606 562 3615 .
596 3552 665 3621 Si
708 3546 1123 3639 triangulum
1166 3566 1363 3625 recta
1405 3574 1445 3622 e
1479 3542 1876 3637 vertic‘ead
1922 3557 2116 3627 basin
2158 3543 2608 3641 perpendicu-

427 3656 562 3731 lari
602 3662 920 3735 bifariam
962 3675 1277 3733 secetur:
1342 3666 1704 3751 aequicrus
1772 3668 1930 3753 erit,
2015 3680 2084 3735 et
2132 3668 2315 3737 basis
2376 3679 2446 3735 et
2487 3686 2608 3769 anf

424 3768 633 3856 gulus
666 3771 757 3845 ad
797 3774 1131 3859 verticem
1166 3772 1417 3851 eadem
1457 3774 2016 3894 perpendiculari
2055 3775 2372 3845 bifariam
2420 3796 2617 3847 seua·

428 3882 703 3954 buntur.
