2838 4673
366 199 393 272 ‘-
443 248 452 257 '
506 247 651 322 338
704 224 889 328 &Aa
934 239 1147 320 VJJL·
1200 243 1486 320 Theor.
1535 243 1601 321 I.
1643 245 1890 320 Elem.
1911 185 2248 344 'eiusque
2285 253 2630 322 consec-t

502 465 920 552 inaequalia,
984 477 1054 534 et
1110 427 1283 533 duae
1338 465 1756 550 posteriores
1785 463 2050 534 ductae
2093 465 2272 532 inter
2332 485 2408 533 se
2447 466 2634 536 inae-

438 572 760 691 quales
1269 599 1275 604 ’

641 687 804 769 11s
857 682 925 750 Si
964 703 1001 750 e
1046 681 1307 752 duobus
1350 641 1621 767 punctis
1667 675 1866 752 ex'tra
1901 695 2168 752 rectam
2209 684 2636 754 terminatam

357 798 362 807 ’
412 812 440 844 s
502 788 739 869 'sumtis
774 791 1015 860 ductae
1060 790 1234 860 duae
1268 805 1504 862 rectae
1542 792 1631 862 ad
1673 794 1820 876 ejus
1861 805 2172 862 extrema
2211 765 2338 868 sub
2373 793 2634 876 angulis

487 901 1001 992 inaequalibus,
1054 912 1125 968 et
1166 899 1719 988 aliaeduaead
1771 915 2098 986 punctum
2157 902 2370 986 ipsius
2429 903 2634 972 inter-

496 1015 793 1086 medium
827 1011 953 1080 sub
993 1009 1301 1099 angulis,
1356 1032 1524 1096 quos
1567 1007 1979 1082 altera-oum
2023 1009 2238 1078 altero
2281 1005 2632 1092 segmento

494 1125 792 1198 faciunt
850 1113 1279 1204 aequalibus,
1341 1121 1598 1195 faciant
1655 1120 2008 1204 triangula
2053 1139 2260 1203 super
2307 1118 2440 1188 illis
2485 1141 2636 1202 seg-

494 1235 743 1304 mentis
762 1220 1130 1316 aequalia:
1218 1243 1574 1322 segmenta
1617 1245 1818 1300 erunt
1852 1227 2270 1315 inaequalia,
2313 1241 2386 1296 et
2417 1239 2636 1313 poste·

347 1403 358 1415 ,
494 1345 713 1412 riores
756 1340 1003 1410 ductae
1053 1337 1466 1423 inaequales.

466 1431 479 1464 ἃ
662 1460 801 1520 123.
860 1441 931 1518 Si
971 1468 1010 1515 e
1054 1447 1315 1516 duobus
1356 1449 1632 1532 punctis
1661 1462 1860 1520 extra
1897 1457 2155 1518 rectam
2202 1448 2631 1518 terminatam
2744 1455 2754 1462 '

410 1585 423 1598 ‘
494 1561 733 1632 sumtis
792 1544 1036 1628 due'tae
1080 1559 1216 1626 sint
1264 1557 1439 1626 duae
1480 1570 1713 1626 rectae
1757 1558 1844 1626 ad
1885 1558 2098 1642 ipsius
2141 1569 2453 1625 extrema
2509 1539 2632 1628 sub

492 1662 755 1759 anguli's
799 1666 1183 1754 aequalibus
1202 1715 1223 1753 ,
1288 1679 1362 1736 et
1398 1666 1572 1736 duae
1615 1667 1788 1736 aliae
1838 1666 1923 1737 ad
1965 1679 2326 1772 punctum,
2389 1667 2458 1732 in
2503 1687 2630 1750 quo

490 1779 609 1848 illa
646 1780 717 1848 in
754 1775 1129 1862 inaequalia
1172 1789 1365 1846 secta
1408 1787 1556 1865 est,
1615 1776 1864 1846 ductae
1917 1797 2074 1844 eum
2133 1774 2476 1859 prioribus
2537 1774 2638 1842 fa..

492 1889 697 1960 ciant,
762 1885 1049 1968 angulos
1130 1867 1446 1972 aequales
1481 1910 1497 1954 :
1583 1886 1852 1970 priores
1911 1883 2156 1954 duetae
2241 1882 2629 1968 inaequales
2740 1885 2746 1890 ’

496 2007 717 2066 erunt·
782 2053 789 2058 .
2085 2014 2088 2022 ’

660 2109 793 2172 126.
865 2099 995 2170 sie
1041 2099 1303 2171 duobus
1345 2102 1618 2186 punctis
1661 2114 1868 2178 ex-tra
1903 2115 2168 2172 rectam
2209 2103 2636 2174 terminatam

494 2212 733 2284 sumtis
775 2209 1021 2309 ductae
1062 2205 1200 2276 sint
1239 2213 1417 2278 duae
1459 2223 1688 2282 rectae
1747 2212 1830 2279 ad
1873 2211 2086 2295 ipsius
2147 2224 2456 2280 extrema
2508 2213 2634 2282 sub

496 2320 784 2405 angulis
817 2316 1261 2404 aequalibus,
1310 2332 1381 2389 et
1437 2303 1610 2392 duae
1669 2319 1840 2392 aliae
1903 2319 1990 2389 ad
2045 2333 2370 2409 punctum
2417 2319 2633 2403 ipsius

492 2428 967 2499 intermedium
1007 2429 1187 2496 inter
1230 2451 1305 2503 se
1348 2428 1620 2515 quidem
1661 2429 2049 2515 inaequales
2069 2478 2090 2515 ,
2145 2429 2473 2501 facientes
2519 2452 2637 2499 au·-

435 2534 443 2540 ’
496 2551 634 2606 tem
686 2558 841 2605 eum
900 2538 1235 2632 prioribus
1300 2537 1523 2613 ductis
1583 2537 1876 2622 angulos
1927 2538 2280 2624 aequales:
2360 2541 2632 2625 priores

496 2644 741 2723 duetae
800 2646 1187 2731 inaequales
1249 2660 1468 2717 erunt.
1607 2718 1612 2725 .

660 2762 790 2823 120.
852 2754 919 2823 Si
963 2776 1001 2822 e
1043 2754 1307 2823 duobus
1340 2756 1609 2839 punctis
1651 2768 1882 2823 extra
1898 2768 2160 2824 rectam
2201 2756 2638 2829 terminatam

496 2865 737 2933 sumtis
798 2860 1074 2933 ductae
1096 2868 1231 2932 sint
1264 2862 1444 2931 duae
1493 2878 1738 2936 rectae
1767 2864 1906 2933 ad
1887 2865 2100 2948 ipsius
2145 2878 2494 2956 extrema,
2567 2882 2641 2937 et

376 2970 381 2975 ’
498 2972 669 3041 aliae
710 2970 883 3039 duae
922 2984 1153 3041 reotae'
1192 2970 1279 3041 ad
1319 2985 1646 3055 punctum
1683 2972 1894 3056 ipsius
1941 2975 2450 3064 intermedium,
2499 3000 2639 3063 quo

494 3082 569 3151 in
620 3079 997 3169 inaequalia
1022 3094 1213 3151 secta
1256 3094 1381 3175 est,
1429 3082 1758 3154 facientes
1803 3085 2226 3167 autem-tam,
2253 3108 2407 3153 oum
2453 3088 2646 3170 prio-

497 3190 683 3260 ribus
730 3190 987 3277 ductis,
1034 3213 1235 3287 quam
1276 3214 1434 3261 eum
1472 3189 1932 3287 inaequalibus
1975 3194 2376 3281 segmentis,
2415 3194 2645 3263 altera

494 3321 659 3371 oum
699 3296 970 3381 altero,
985 3300 1324 3385 aequales.
1366 3296 1696 3458 angulos3
1771 3303 2188 3384 posteriores
2245 3303 2434 3371 duae
2470 3303 2688 3371 duc-x

490 3416 609 3479 tae
664 3404 1049 3493 inaequales
1104 3419 1323 3477 erunt.
1742 3438 1747 3445 ·
2009 3444 2014 3449 -

664 3524 803 3588 1211.
848 3516 917 3585 Si
958 3532 1015 3585 e
1038 3514 1303 3590 duobus
1344 3517 1615 3601 punctis
1659 3475 1857 3587 extra
1896 3530 2156 3589 rectam
2200 3520 2650 3591 terminatam
2747 3544 2756 3556 ·

500 3624 739 3695 sumtis
782 3598 1027 3695 ductae
1067 3626 1203 3699 sint
1244 3624 1442 3697 dnae
1455 3638 1683 3701 rectae
1725 3626 1812 3697 ad
1852 3629 2065 3713 ipsius
2105 3642 2418 3698 extrema
2453 3631 2652 3699 inae-

452 3800 459 3805 .
502 3733 773 3821 quales,
839 3746 909 3803 et
960 3732 1127 3825 aliae
1183 3733 1357 3801 duae
1404 3746 1642 3804 rectae
1677 3736 1766 3805 ad
1803 3750 2129 3823 punctum
2167 3738 2382 3822 ipsius
2413 3738 2683 3810 „mter-s

502 3843 840 3947 inedium,
904 3842 1237 3915 iacientes
1296 3855 1438 3913 tam
1495 3866 1677 3915 cunr
1703 3847 2042 3930 prioribus
2099 3844 2358 3935 ductis,
2433 3869 2659 3931 quam
