2838 4673
684 246 1358 409 demonstranda
1408 250 1985 351 problemata.
2256 254 2350 375 34
2366 282 2394 329 ι

236 388 268 403 Q

396 480 745 558 Jungatur
802 406 855 543 C
882 473 975 542 Ε·
1036 474 1189 545 dieo
1250 476 1532 543 factum.
1649 472 1750 546 Ea
1811 466 1992 577 enim
2053 496 2144 558 ex
2199 488 2250 553 C
2312 480 2402 553 ad

228 594 377 659 AD
421 586 629 654 dueta
673 597 812 671 est,
858 587 931 651 et
955 584 1286 669 aequalis
1304 598 1409 655 es't
1450 582 1583 669 ipsi
1625 584 1754 653 BE
1795 607 1920 671 per
1962 585 2066 657 El.
2110 588 2306 675 prop.
2334 596 2397 661 4.

394 693 855 764 Problema
896 695 1247 794 XXXIV.-
1282 696 1478 763 Datis
1524 694 1810 778 iisdem,
1874 717 2044 781 quae
2086 698 2158 765 in
2202 720 2402 783 prae-

233 796 579 894 cedente3
625 816 942 889 oporteat
972 826 1062 875 ex
1094 796 1374 872 alterius
1410 804 1742 879 datarum
1761 796 2140 889 aequalium
2175 812 2407 880 termi-
2440 853 2446 859 -
2483 834 2492 847 ·

230 938 323 983 no
371 913 459 982 ad
501 908 790 986 eandem
824 906 1243 999 exteriorem
1278 906 1530 981 ducere
1561 924 1846 995 rectam,
1892 936 2062 1001 quae
2093 914 2404 999 triangu-

36 1004 40 1091 ἷ
101 1035 106 1041 ’
146 1003 177 1053 ⁸⁸
225 1022 369 1092 lum
412 1023 731 1101 terminet
776 1020 1055 1109 aequale
1102 1015 1203 1107 3ἱ,
1246 1018 1466 1111 quod
1471 1020 1664 1108 prior
1691 1020 1942 1095 ducta
1953 1023 2296 1095 terminat.

394 1132 573 1202 Data
629 1130 765 1219 sint
830 1132 1073 1221 eadem
1130 1155 1307 1219 quae
1362 1134 1590 1218 prius·
1661 1141 1730 1202 et
1771 1154 1863 1202 ex
1891 1148 2162 1219 puncto
2211 1130 2266 1203 C
2309 1129 2405 1209 ad.

222 1256 484 1311 rectam
527 1240 673 1316 AD
720 1236 1036 1327 oporteat
1077 1256 1343 1311 rectam
1388 1234 1684 1333 ducere,
1764 1266 1937 1335 quae
1982 1240 2400 1363 triangulum

224 1350 549 1421 terminet
590 1351 870 1439 aequale
917 1341 1263 1435 triangulo
1304 1366 1440 1425 BE
1468 1360 1549 1424 A.

382 1458 726 1545 Jungatur
786 1461 839 1531 C
877 1456 979 1529 E:
1042 1460 1199 1529 dico
1258 1457 1538 1529 factum.
1627 1457 1732 1529 Ea
1804 1458 1986 1532 3ιιὶιιι
2048 1480 2138 1533 ex
2198 1464 2249 1537 C
2309 1451 2432 1534 ad*

100 1614 109 1635 .
217 1554 369 1645 AD
431 1565 638 1640 ducta
696 1578 835 1655 est,
900 1582 969 1637 et
1012 1568 1336 1639 terminat
1396 1567 1812 1650 triangulum
1853 1578 2077 1643 CEA
2115 1568 2398 1658 aequale

220 1679 565 1763 triangulo
606 1692 663 1754 Β
694 1688 750 1747 Ε
777 1686 835 1749 A
878 1662 1001 1759 per
1044 1674 1148 1745 El.
1194 1674 1393 1761 prop.
1438 1682 1500 1747 4.
1825 1705 1835 1709 ·

376 1788 495 1855 Pr
516 1778 879 1868 oblema
890 1778 1211 1857 XXXV.
1250 1782 1448 1855 Datis
1479 1748 1764 1875 iisdem}
1802 1774 2126 1869 oporteat
2168 1810 2260 1859 ex
2301 1790 2402 1859 al-

126 1924 141 1932 ’
220 1896 436 1966 terius
482 1890 795 1961 datarum
840 1890 1220 1981 aequalium
1265 1897 1558 1973 termino
1605 1885 1860 1963 duc'ere
1891 1908 2178 1980 rectam,
2226 1918 2420 1981 quae¹

126 2040 159 2058 ··
222 2029 382 2077 cum
425 2016 615 2073 recta
673 2006 1006 2073 exteriori
1066 1992 1611 2131 comprehendat
1661 1998 1988 2087 angulum
2051 2001 2400 2077 internum

226 2110 575 2203 aequalem
618 2110 706 2190 ei,
756 2136 957 2207 quem
998 2112 1191 2199 prior
1222 2102 1432 2184 (lucta
1459 2114 1618 2187 omn
1655 2114 1806 2199 ipsa
1851 2103 2398 2201 comprehendit.
2479 2112 2484 2119 ’

388 2226 653 2294 Dentur
696 2224 975 2325 eadem,
1019 2234 1213 2312 quae
1230 2221 1464 2327 prius,
1529 2232 1600 2294 et
1641 2238 1957 2311 oporteat
2001 2247 2094 2293 ex
2133 2239 2392 2333 puncto

210 2334 307 2408 C
320 2335 408 2406 ad
450 2349 713 2406 rectam
756 2345 813 2408 A
846 2350 908 2410 D
954 2330 1215 2406 ducere
1251 2349 1560 2424 rectam,
1610 2358 1820 2424 quae
1826 2360 1986 2407 oum
2043 2328 2195 2420 ipsa
2247 2346 2394 2410 AD
2461 2373 2474 2379 “

224 2447 769 2534 comprehendat
810 2440 1139 2550 angulum
1180 2433 1529 2521 internum
1573 2432 1934 2531 aequalem
1967 2459 2024 2518 Β
2059 2449 2115 2514 Ε
2142 2453 2226 2517 A

385 2559 730 2640 Jungatur
774 2567 823 2628 C
851 2568 943 2627 E:
993 2541 1147 2624 dico
1191 2541 1475 2624 factum.
1579 2540 1684 2622 Ea
1743 2542 1924 2622 enim
1985 2571 2104 2623 ex
2128 2543 2395 2645 puncto
2477 2603 2486 2610 -

218 2667 276 2735 C
323 2666 409 2733 3ᾶ
466 2657 728 2747 rectam
785 2674 843 2738 A
874 2677 937 2740 D
996 2660 1207 2761 dueta
1251 2677 1397 2752 est,
1473 2676 1544 2758 et
1583 2663 1752 2761 facit
1799 2651 2124 2769 angulum
2167 2669 2218 2736 C
2245 2671 2302 2736 Ε
2331 2669 2397 2736 Α
2497 2749 2502 2756 .

222 2753 577 2860 aequalem·
619 2775 867 2860 angulo
912 2783 1164 2872 ΒΕᾼ,
1210 2799 1337 2886 per
1380 2773 1587 2844 E1.1.
1633 2796 1830 2877 prop.
1879 2775 1940 2844 4

389 2877 844 2954 Problema
880 2865 1289 2964 XXXVI.
1328 2881 1522 2970 Datis
1584 2865 1868 2975 iisdem*⁷
1927 2847 2247 2968 oporteat
2303 2877 2400 2954 acl.

214 2972 543 3082 'alteram-
569 2970 883 3069 datarum
948 2978 1339 3086 aequalium
1387 2991 1460 3062 in
1503 2989 1743 3080 ipsius
1805 2987 2100 3094 termino
2171 3005 2240 3060 et
2303 2987 2401 3064 ad.
2465 3016 2480 3034 ⁴

134 3135 141 3141 ·
224 3081 518 3177 easdem
542 3111 775 3188 partes
818 3107 1237 3176 constituere
1282 3098 1612 3186 angulum
1651 3095 2003 3186 aequalem
2028 3102 2144 3191 ei,
2192 3125 2399 3188 quem

222 3215 413 3310 prior
457 3213 664 3286 ducta
694 3237 864 3306 cum
912 3216 1124 3312 priori
1169 3214 1484 3310 datarum
1529 3203 2132 3314 comprehendit.
2193 3280 2200 3290 ,

390 3307 657 3434 Dentur
701 3290 941 3399 eadem
1002 3347 1171 3424 quae
1229 3319 1460 3413 prius.
1534 3335 1601 3391 et
1663 3317 1750 3390 ad
1807 3311 2070 3412 rectam
2130 3327 2192 3390 A
2221 3327 2272 3390 C
2319 3317 2396 3389 in

217 3443 481 3530 puncto
522 3419 613 3524 C
629 3444 716 3503 et
741 3430 827 3503 ad
872 3431 1159 3525 easdem
1188 3437 1457 3528 parteS,
1505 3421 1617 3504 ad
1633 3453 1810 3518 quas
1831 3427 1949 3500 est
1991 3441 2183 3510 recta
2223 3433 2399 3514 DA,

228 3552 544 3661 oporteat
585 3546 1003 3614 constituere
1050 3514 1376 3628 angulum
1438 3520 1810 3631 aequalem
1851 3531 2100 3624 angulo
2146 3545 2281 3610 ΑΒ
2309 3547 2405 3609 E..-

256 3689 279 3734 ς
392 3652 733 3762 Jungatur
784 3663 843 3726 A
869 3664 952 3727 C·
1019 3652 1173 3722 dieo
1236 3647 1526 3736 factum.
1634 3644 1739 3752 Ea
1807 3649 1988 3721 enim
2045 3649 2213 3718 facit
2269 3667 2394 3716 an·-
2551 3725 2558 3734 ,

211 3753 511 3872 3ιιΙιιιιι
492 3773 619 3872 A
630 3773 681 3840 C
716 3777 775 3844 E
829 3763 1207 3882 aequalem
1268 3761 1517 3898 angulo
1591 3769 1678 3861 A
1704 3774 1762 3868 Β
1807 3761 1906 3851 Ε,
1973 3782 2101 3848 per
2155 3727 2267 3836 El.
2331 3761 2389 3832 Ia

221 3899 421 3962 prop.
467 3878 529 3948 4.
886 3909 896 3916 ·
1735 3922 1747 3930 -

1929 3963 2054 4004 1’“
