2838 4673
473 237 620 321 362
659 232 933 313 »canl
935 236 1032 311 Χ.
1071 232 1220 335 ‘Ad
1243 232 1604 313 Theou-‚I-
1638 234 1887 314 Elem
1909 236 2226 335 eiusque
2262 242 2605 316 cons-eet.

473 464 550 531 A
564 464 1044 547 interceptum
1069 462 1136 531 A
1156 460 1216 530 E
1255 458 1537 549 aequale
1580 455 1777 529 datae
1818 456 2065 527 niinori
2121 470 2243 531 Γ·
2278 469 2602 541 punctum

465 571 634 643 iilud
678 570 738 641 E
775 570 1066 643 dabitur

632 684 768 775 Per
808 680 1224 765 praecedens
1279 662 1459 749 enim
1513 626 1797 753 dabitur
1837 660 2029 747 ree'ta
2082 672 2322 759 aliqua
2351 686 2605 760 puncto
2715 748 2717 751 ,

464 791 532 863 A
561 788 922 873 adjacens,
985 788 1282 875 aequalis
1323 801 1557 857 rectae
1597 799 1689 876 Γ;
1754 788 1845 857 sit
1884 788 1961 855 A
1996 792 2081 857 A.
2160 784 2252 855 Et
2290 788 2607 871 quoniam

467 900 540 971 A
575 900 650 967 E·
677 898 1120 984 acqualisfest
1146 906 1510 988 Panpp'.)3
1540 896 1663 969 sed
1702 909 1775 966 et
1814 898 1966 981 ΑΛ
2004 893 2302 980 aequalis
2345 906 2433 967 T:
2470 896 2609 965 erit

469 1009 678 1091 igitur
717 1010 781 1075 A
815 1008 874 1077 E
917 1004 1214 1093 aequalis
1249 1010 1317 1077 A
1356 1024 1441 1083 Δ.
1524 1006 1709 1076 Hine·
1745 1018 2071 1090 punctum
2113 1004 2174 1073 E
2212 1016 2321 1077 est
2360 1004 2431 1073 in
2470 1005 2603 1073 cir-

473 1116 925 1199 cumferentia,-
960 1115 1201 1185 circuli
1231 1129 1481 1185 centro
1516 1118 1581 1184 A
1609 1114 1801 1185 radio
1830 1118 1897 1185 A
1928 1118 1995 1179 Δ
2028 1112 2389 1203 descripti3
2434 1116 2606 1198 quae

469 1227 743 1313 quidem
780 1226 1117 1311 positione
1161 1224 1360 1293 datur
1410 1226 1499 1294 ob
1542 1219 1851 1295 centrum
1900 1226 1967 1291 A
2010 1234 2081 1293 et
2132 1220 2397 1309 radium
2435 1221 2499 1288 A
2536 1235 2607 1295 A
2719 1223 2735 1308 “,

468 1334 656 1405 data.
737 1332 872 1403 Sed
914 1346 982 1403 et
1021 1335 1087 1407 A
1127 1334 1182 1402 Β
1225 1335 1561 1419 positione
1620 1333 1779 1403 data
1836 1343 1941 1402 est
1990 1328 2331 1417 per-hyp.
2412 1330 2603 1413 Ergo
2721 1381 2732 1400 2

471 1454 547 1513 et
583 1456 908 1529 punctum
949 1442 1025 1522 E,
1049 1444 1134 1511 in
1181 1466 1316 1527 quo
1356 1442 1471 1514 illa
1511 1442 2062 1515 circumferentia
2102 1451 2173 1509 et
2208 1451 2401 1509 recta
2440 1441 2505 1507 A
2540 1438 2602 1509 B
2668 1494 2671 1502 .

470 1572 550 1623 se
591 1544 1042 1638 intersecant,
1117 1551 1356 1623 datur.
1443 1552 1619 1637 quod
1664 1562 1815 1620 erat
1851 1539 2364 1620 ostendendum·

555 1684 562 1691 ·
639 1662 952 1729 Datum
993 1661 1094 1729 ad
1135 1660 1254 1733 El.
1300 1662 1373 1744 Ι,
1434 1670 1495 1735 9.
1548 1662 1831 1731 Datum
1888 1636 2221 1744 positione
2283 1654 2605 1741 angulum
2719 1675 2725 1685 ·

435 1768 896 1860 ‘rectilineum
955 1793 1126 1860 quae
1190 1770 1525 1853 bifariam
1558 1781 1751 1842 secat
1806 1780 2031 1856 recta,
2070 1766 2431 1853 positione
2486 1764 2605 1835 da-
2732 1778 2745 1793 ’

474 1876 678 1950 bitur.
1202 1902 1220 1915 '‘
1566 1926 1573 1934 -
1756 1905 1763 1913 ·
2220 1904 2229 1913 ·

442 1972 451 1979 ’
635 1986 736 2055 Sit
793 1984 1080 2070 angulus
1119 1988 1173 2056 B
1217 1990 1284 2057 A
1325 2002 1386 2064 Γ
1438 1986 1775 2075 positione
1801 2060 1808 2068 ,
1830 1985 2070 2072 datus,
2130 1985 2265 2057 hoc
2295 1992 2421 2071 est.
2458 2005 2603 2055 reo-

473 2096 561 2162 tis
599 2094 652 2163 B
695 2098 796 2179 A,
845 2098 912 2163 A
953 2108 1014 2169 Γ
1049 2096 1386 2179 positione
1428 2096 1603 2168 datis
1646 2094 2223 2185 comprehensusr,
2274 2107 2344 2165 et
2382 2096 2605 2190 ipsum

467 2202 782 2279 bifariam
819 2214 1010 2273 secet
1046 2216 1240 2273 recta
1278 2204 1421 2273 ΑΗ
1464 2202 1729 2291 [supple
1760 2204 1891 2273 hoc
1922 2208 1991 2275 in
2013 2207 2127 2289 fig.
2170 2216 2339 2275 text.
2366 2205 2604 2287 graeei

470 2326 548 2384 ut
587 2310 1001 2401 producatur
1047 2315 1116 2384 A
1149 2314 1210 2383 Z
1245 2313 1339 2384 ad
1383 2310 1515 2404 HJ:
1586 2314 1739 2384 dico
1780 2336 1935 2384 eain
1970 2314 2302 2401 positione
2340 2312 2517 2388 dari.

633 2423 714 2492 ln
757 2433 947 2494 recta
985 2423 1165 2494 enim
1203 2425 1270 2493 A
1311 2423 1368 2492 B
1409 2437 1717 2498 sumatur
1766 2438 2093 2512 punctum
2130 2423 2606 2510 quodcumque

317 2515 368 2536 κ’
469 2547 568 2617 Δ,
642 2544 712 2603 et
764 2531 895 2618 ipsi
951 2533 1042 2602 A
1035 2535 1124 2604 ῖΔ
1177 2531 1475 2620 aequalis
1536 2535 1657 2603 ab
1678 2537 1745 2602 A
1788 2545 1847 2610 Γ
1904 2533 2338 2604 abscindatur
2361 2536 2469 2604 A
2497 2533 2611 2624 Ε·

457 2639 790 2724 jungatur
826 2653 893 2714 A
919 2641 980 2710 E
1020 2653 1249 2710 recta:
1315 2654 1461 2713 tum
1515 2627 1753 2712 centro
1796 2659 1859 2718 A
1898 2643 2257 2713 intervallo
2300 2657 2365 2720 A
2390 2642 2450 2710 E
2496 2640 2611 2710 de-

467 2751 808 2818 scribatur
850 2747 1184 2836 circulus,
1243 2770 1488 2824 secans
1528 2752 1746 2836 ipsam
1789 2755 1852 2820 A
1882 2753 1945 2820 H
1986 2743 2075 2822 ad
2117 2766 2346 2838 partes
2388 2752 2643 2836 ipsius.
2716 2775 2723 2782 ⁸

468 2872 533 2928 Δ
573 2857 631 2924 Ε
674 2857 872 2942 alias,
931 2879 1132 2942 quam
1183 2857 1306 2928 ad
1323 2881 1491 2946 quas
1545 2871 1653 2932 est
1702 2875 2029 2950 punctum
2070 2866 2170 2950 A,
2232 2862 2307 2930 in
2336 2872 2607 2948 puncto

470 2967 564 3052 Z,
613 2977 684 3036 et
711 2967 1088 3052 jungantur
1124 2983 1191 3044 A
1219 2969 1324 3056 Z',
1381 2971 1447 3042 Z
1488 2970 1572 3044 Ε.
1789 3022 1798 3031 ,
2018 2999 2023 3006 -

638 3075 978 3170 Quoniam
1015 3090 1340 3161 punctum
1382 3081 1449 3149 A
1486 3079 1717 3148 datum
1756 3093 1862 3154 est
1890 3087 2045 3166 (per
2072 3095 2267 3164 supp.
2292 3079 2401 3148 vel
2423 3029 2612 3165 ᾆιιοιί

467 3181 540 3251 in
598 3205 682 3252 eo
739 3189 968 3256 rectae
1011 3187 1348 3276 positione
1391 3186 1591 3258 datae
1647 3186 1703 3254 B
1746 3194 1849 3273 A,
1911 3193 1981 3258 A
2027 3199 2084 3262 Γ
2124 3196 2611 3276 concurrunt),

469 3306 902 3383 et-punctum
943 3312 1009 3374 A
1049 3309 1423 3366 assumtum
1481 3309 1587 3366 est
1624 3317 1753 3381 pro
1796 3297 1957 3366 dato
2000 3298 2107 3388 (id
2162 3298 2343 3368 enim
2394 3314 2613 3380 saepe

466 3401 540 3470 in
580 3401 712 3472 hoc
753 3424 1005 3486 genere
1046 3406 1180 3491 ιιι,ν
1227 3417 1306 3474 ut
1345 3417 1621 3490 praeter
1672 3425 1783 3486 ea,
1838 3427 2010 3491 quae
2060 3427 2185 3494 per
2226 3408 2615 3492 expositio-

466 3533 625 3581 nem
689 3511 846 3582 data
907 3525 1106 3596 sunt,
1179 3513 1314 3584 alia
1381 3513 2133 3598 quaedam-‘praeterea
2197 3539 2325 3600 pro
2384 3515 2617 3584 lubitu
2712 3519 2720 3526 ”

465 3635 690 3691 sumta
745 3645 870 3706 pro
910 3622 1088 3694 datis
1127 3631 1610 3708 usui-pentum:
1698 3623 1857 3692 data
1914 3647 2083 3708 ergo
2142 3637 2269 3694 est·
2306 3637 2499 3694 recta
2538 3625 2617 3692 A

466 3749 554 3805 Δ.
637 3731 732 3802 Et
763 3741 972 3816 quum
1011 3731 1172 3802 huic
1209 3729 1512 3815 aequalis.
1566 3731 1869 3804 abscissa
1892 3783 1899 3792 -
1920 3733 2010 3802 sit
2034 3737 2126 3802 ΞΑ
2170 3731 2232 3802 E
2276 3755 2317 3802 a
2358 3729 2625 3834 maiori·

466 3841 534 3908 A
575 3849 668 3929 Γ,
721 3838 922 3911 datur
959 3843 1030 3918 ει
1057 3851 1398 3928 punctum
1436 3837 1498 3912 E
1527 3845 1697 3932 ἱ(ιιει
1738 3839 1972 3922 datum
2010 3841 2324 3933 proxime
2362 3859 2615 3932 praec·
