2838 4673
662 243 669 250 ·
756 206 1169 280 contrarie
1220 215 1616 308 conversa
1667 201 1874 280 alla.
2169 254 2177 262 ·
2237 193 2391 286 305

150 461 159 470 ·
240 437 385 496 tem
449 407 591 494 AC
652 425 847 496 alteri
910 426 1069 495 DF
1096 423 1488 509 inaequale.
1553 423 1680 509 per
1730 430 1790 512 5.
1852 429 2006 494 208.
2067 416 2270 496 erunt'
2315 437 2385 494 et

244 533 583 618 triangula
642 534 884 621 ABG,
909 533 1141 604 DEF
1206 522 1624 620 inaequalia,
1684 545 1757 602 et
1797 529 2085 614 anguli
2065 554 2386 617 inaequa·
2453 526 2464 540 ‘

240 619 415 714 'libus
458 643 783 742 lateribus
824 643 1129 727 oppositi
1159 642 1413 728 ABG,
1463 641 1672 710 DEF
1711 629 2100 727 inaequales
2145 654 2383 713 erunt.

244 767 445 840 atque
506 753 577 836 hi
648 760 844 822 sunt
863 749 1107 838 reliqui
1166 751 1598 836 aequalibus
1588 747 1938 821 lateribus
1995 749 2172 838 AB,
2241 747 2391 871 DE

127 915 131 919 -
244 862 673 951 adjacentem,
729 872 805 929 ut
848 861 1269 929 enuntiatum
1306 873 1439 933 est.
1896 890 1911 904 =

246 1045 254 1053 ,
318 1018 325 1024 ·
406 973 647 1050 Poteat
692 982 765 1038 et
812 971 913 1038 sie
956 971 1329 1044 enuntiari:
1390 965 1460 1038 Si
1519 956 1654 1064 duo
1700 955 2039 1058 triangula
2077 967 2254 1042 latus
2295 960 2390 1043 13

240 1187 571 1273 habeant,
622 1179 837 1258 basim
878 1208 1045 1257 vero
1090 1187 1235 1256 basi
1276 1179 1736 1272 inaequalem.
1781 1187 2126 1258 habebunt
2169 1201 2239 1258 et
2268 1210 2392 1260 re
2479 1231 2482 1238 -

98 1330 105 1336 ·
238 1295 495 1398 liquum
550 1297 749 1392 latus
800 1294 1060 1382 reliquo
1116 1281 1514 1398 inaequale,
1583 1309 1655 1364 et
1705 1297 1856 1389 ipsa
1909 1295 2246 1381 triangula
2288 1291 2394 1366 in-

159 1446 168 1456 ·
244 1383 551 1492 aequalia
596 1419 835 1488 erunt,
898 1401 967 1472 et
1008 1403 1331 1486 angulum
1389 1403 1638 1486 angulo
1697 1402 2126 1490 inaequalem
2187 1391 2394 1478 habe-

241 1517 414 1585 bunt
456 1537 651 1592 eum
693 1516 807 1598 qui
847 1513 1107 1598 reliquo
1150 1510 1368 1581 latere
1410 1512 1865 1581 subtenditur.

35 1693 37 1698 ,
410 1629 505 1692 5ο.
550 1622 620 1689 Si
660 1621 794 1690 duo
840 1615 1179 1718 triangula
1222 1620 1397 1688 latus
1455 1619 1655 1689 lateri
1701 1617 2022 1716 aequale,
2068 1635 2138 1690 et
2179 1638 2395 1708 angu
2464 1655 2469 1662 ¹

35 1715 41 1796 l
102 1809 107 1812 ¹
241 1730 383 1798 lum
430 1729 678 1812 angulo
720 1753 931 1798 unum
973 1713 1243 1815 quidem
1306 1719 1425 1796 uni
1488 1711 1838 1812 aequalem
1879 1727 2252 1816 habeant,
2282 1723 2398 1823 qui

245 1834 342 1907 illi
400 1838 600 1908 lateri
658 1837 1007 1925 adjacet,-
1042 1836 1329 1936 alterum
1398 1849 1626 1904 autem
1691 1823 1888 1904 alteri
1943 1836 2391 1933 inaequalem,
2445 1929 2451 1936 ι

248 1949 358 2034 qni
418 1947 560 2020 illi
574 1945 773 2042 lateri
833 1929 1228 2032 opponitur:
1292 1944 1582 2014 alterum
1636 1943 1900 2031 quoque
1963 1943 2140 2014 latus
2199 1937 2396 2014 alteri

35 2131 43 2138 ,
245 2056 443 2128 lateri
508 2031 859 2142 inaequale
928 2055 1319 2139 habebunt,
1405 2053 1586 2142 quod
1644 2043 1930 2136 singulis
1987 2051 2396 2136 angulorum
2548 2143 2555 2152 Ι

32 2199 40 2240 ι
246 2163 625 2250 aequalium
690 2165 979 2248 adjacet.
1080 2165 1171 2234 Et
1239 2165 1401 2234 hine
1458 2183 1696 2232 rursus
1751 2183 1876 2248 per
1937 2169 1992 2250 5.
2039 2172 2187 2237 208.
2243 2165 2397 2253 ipsa
2459 2220 2464 2228 .

34 2259 36 2296 ³
245 2272 583 2359 triangula
623 2259 1005 2360 inaequalia
1065 2287 1299 2361 erunt,
1369 2286 1440 2343 et
1479 2261 1813 2359 reliquum
1871 2269 2196 2357 angulum
2233 2272 2396 2344 reh-

246 2407 379 2471 quo
420 2372 846 2467 inaequalem
886 2372 1260 2455 habebunt.
1327 2418 1340 2424 -

96 1134 100 1143 .
159 1075 165 1086 “
242 1082 410 1168 teri,
456 1092 526 1149 et
566 1077 888 1164 angulum
930 1077 1223 1165 augule,
1290 1079 1401 1162 qui
1444 1055 1590 1146 basi
1632 1079 2038 1164 opponitur,
2085 1078 2394 1166 aequalia
2520 1077 2526 1088 ⁸

413 2494 727 2561 Habeant
769 2489 901 2558 duo
946 2490 1289 2581 triangula
1338 2476 1584 2575 ABG,
1648 2477 1850 2561 DEF
1891 2490 2069 2563 latus
2111 2482 2254 2562 ΑΒ
2295 2478 2394 2573 13-
2507 2572 2512 2577 ,

250 2602 377 2673 teri
421 2601 479 2673 D
512 2602 571 2669 E
616 2586 929 2686 aequale,
984 2613 1058 2670 et
1102 2600 1426 2699 angulum
1467 2600 1672 2671 BAC
1730 2599 1978 2681 angulo
2011 2602 2159 2688 ,ED
2185 2602 2235 2669 F
2281 2621 2393 2671 ae-

250 2696 558 2795 qualem,
605 2708 718 2792 qui
756 2698 852 2777 illi
890 2694 1092 2782 lateri
1134 2709 1432 2791 adjacet,
1493 2709 1618 2777 sed
1659 2708 1980 2791 angulum
2023 2711 2229 2781 ACB
2272 2722 2396 2787 an·
2498 2776 2507 2783 .

250 2815 412 2903 gulo
455 2818 515 2885 D
546 2816 595 2883 F
625 2817 684 2885 E
741 2808 1207 2907 inaequalem,
1274 2822 1386 2903 qui
1440 2816 1536 2886 illi
1597 2817 1798 2887 lateri
1837 2818 2238 2917 opponitur}
2298 2817 2398 2889 al-

250 2941 473 2997 terum
518 2947 781 3011 quoque
822 2923 997 2996 latus
1039 2928 1179 2997 AC
1222 2928 1419 2997 alteri
1461 2926 1658 3019 latei-i
1703 2925 1837 2994 DF
1876 2910 2232 3025 inaequale
2273 2914 2404 2995 ha-

250 3039 545 3125 bebunt,
616 3054 786 3120 quae
867 3036 1254 3121 aequalibus
1315 3034 1582 3119 angulis
1646 3034 1700 3103 Β
1727 3034 1903 3131 AC,
1976 3020 2118 3103 ΕΙ)
2149 3036 2200 3105 F
2277 3021 2396 3169 ad·

238 3146 499 3231 jacent.
817 3180 825 3185 ·
1178 3193 1183 3201 -
1687 3180 1705 3197 x

33 3290 41 3321 ι
326 3246 333 3253 ’
416 3243 485 3323 Si
529 3240 707 3323 enim
752 3241 1033 3339 aequale
1075 3242 1256 3325 soret
1298 3240 1489 3324 latus
1526 3238 1663 3321 AC
1719 3236 1917 3329 lateri
1957 3236 2122 3320 DFz
2183 3266 2402 3337 singu-'0

33 3350 38 3441 ἔ
246 3362 353 3433 lus
399 3375 662 3449 quoque
717 3364 933 3435 ACB
980 3364 1226 3459 angulo
1288 3364 1417 3433 DF
1430 3363 1490 3432 E
1535 3338 1872 3467 aequalis
1869 3374 2059 3431 esset
2117 3384 2243 3447 per
2283 3361 2395 3436 El.

32 3448 46 3557 l
251 3472 351 3561 1.,
395 3474 457 3542 4.
549 3472 737 3555 Ergo
780 3472 1134 3558 inaequale
1177 3472 1305 3545 εει.

33 3560 35 3595 f
361 3580 505 3651 Et
576 3580 733 3651 hine
796 3594 1035 3651 rursus
1093 3604 1219 3666 per
1292 3586 1354 3669 5.
1427 3581 1574 3655 208.
1647 3579 2062 3664 triangulum
2131 3600 2396 3665 quoque

33 3726 38 3769 ι
247 3690 464 3761 ABG
520 3689 859 3773 triangulo
916 3690 1120 3760 DEF
1172 3682 1526 3773 inaequale
1565 3691 1751 3778 erit,
1815 3704 1886 3759 et
1941 3690 2240 3777 reliquus
2284 3682 2424 3763 an?
2465 3712 2506 3725 ·’

33 3778 41 3803 '
245 3798 449 3959 33133
491 3798 689 3874 ABG
732 3798 991 3887 reliquo
1016 3800 1102 3945 D
1128 3798 1189 3869 E
1220 3798 1270 3867 F
1309 3796 1724 3887 inaequalis,
1781 3808 1851 3885 q.
1895 3820 1955 3874 e.
2001 3800 2070 3871 d:

1935 3918 2014 3991 21
