<?xml version="1.0" encoding="UTF-8"?>
<!DOCTYPE html PUBLIC "-//W3C//DTD XHTML 1.0 Transitional//EN"
    "http://www.w3.org/TR/xhtml1/DTD/xhtml1-transitional.dtd">
<html xmlns="http://www.w3.org/1999/xhtml" xml:lang="en" lang="en">
 <head>
  <title>
</title>
<meta http-equiv="Content-Type" content="text/html;charset=utf-8" />
  <meta name='ocr-system' content='tesseract 3.04.00' />
  <meta name='ocr-capabilities' content='ocr_page ocr_carea ocr_par ocr_line ocrx_word'/>
</head>
<body>
  <div class='ocr_page' id='page_1' title='image "./scholaelogicoma00haubgoog_0139.png"; bbox 0 0 2838 4673; ppageno 0'>
   <div class='ocr_carea' id='block_1_1' title="bbox 424 230 2608 347">
    <p class='ocr_par' dir='ltr' id='par_1_1' title="bbox 424 230 2608 347">
     <span class='ocr_line' id='line_1_1' title="bbox 424 230 2608 347; baseline -0.003 -17"><span class='ocrx_word' id='word_1_1' title='bbox 424 276 559 330; x_wconf 65' lang='grc' dir='ltr'>ιω</span> <span class='ocrx_word' id='word_1_2' title='bbox 594 252 790 329; x_wconf 60' lang='lat' dir='ltr'>Car.</span> <span class='ocrx_word' id='word_1_3' title='bbox 812 242 946 327; x_wconf 87' lang='lat' dir='ltr'>IV.</span> <span class='ocrx_word' id='word_1_4' title='bbox 988 252 1123 325; x_wconf 75' lang='lat' dir='ltr'>Ex</span> <span class='ocrx_word' id='word_1_5' title='bbox 1138 240 1668 326; x_wconf 69' lang='lat' dir='ltr'>Theoremate</span> <span class='ocrx_word' id='word_1_6' title='bbox 1679 230 2608 347; x_wconf 72' lang='lat' dir='ltr'>primo-Elementorum</span> 
     </span>
    </p>
   </div>
   <div class='ocr_carea' id='block_1_2' title="bbox 406 472 2592 1007">
    <p class='ocr_par' dir='ltr' id='par_1_2' title="bbox 406 472 2592 1007">
     <span class='ocr_line' id='line_1_2' title="bbox 414 472 2587 565; baseline -0 -20"><span class='ocrx_word' id='word_1_7' title='bbox 414 488 704 565; x_wconf 73' lang='lat' dir='ltr'>queantr,</span> <span class='ocrx_word' id='word_1_8' title='bbox 746 487 977 559; x_wconf 85' lang='lat' dir='ltr'>ut&#39;per</span> <span class='ocrx_word' id='word_1_9' title='bbox 1004 472 1187 542; x_wconf 81' lang='lat' dir='ltr'>-haee</span> <span class='ocrx_word' id='word_1_10' title='bbox 1218 474 1365 555; x_wconf 82' lang='lat' dir='ltr'>jam</span> <span class='ocrx_word' id='word_1_11' title='bbox 1408 474 1789 542; x_wconf 76' lang='lat' dir='ltr'><strong>habeantur</strong></span> <span class='ocrx_word' id='word_1_12' title='bbox 1827 486 2137 559; x_wconf 69' lang='lat' dir='ltr'>quatuor.</span> <span class='ocrx_word' id='word_1_13' title='bbox 2208 472 2341 543; x_wconf 84' lang='lat' dir='ltr'>Sed</span> <span class='ocrx_word' id='word_1_14' title='bbox 2384 495 2587 563; x_wconf 77' lang='lat' dir='ltr'>prae·</span> 
     </span>
     <span class='ocr_line' id='line_1_3' title="bbox 406 576 2592 671; baseline 0 -15"><span class='ocrx_word' id='word_1_15' title='bbox 406 591 605 657; x_wconf 78' lang='lat' dir='ltr'>terea</span> <span class='ocrx_word' id='word_1_16' title='bbox 646 585 873 671; x_wconf 85' lang='lat' dir='ltr'>patet,&#39;</span> <span class='ocrx_word' id='word_1_17' title='bbox 912 576 1199 657; x_wconf 47' lang='lat' dir='ltr'>inventa·</span> <span class='ocrx_word' id='word_1_18' title='bbox 1233 598 1405 670; x_wconf 82' lang='lat' dir='ltr'>una,</span> <span class='ocrx_word' id='word_1_19' title='bbox 1451 582 1668 667; x_wconf 82' lang='lat' dir='ltr'>qualis</span> <span class='ocrx_word' id='word_1_20' title='bbox 1711 598 1816 653; x_wconf 87' lang='lat' dir='ltr'>est</span> <span class='ocrx_word' id='word_1_21' title='bbox 1855 586 1922 653; x_wconf 78' lang='lat' dir='ltr'>A</span> <span class='ocrx_word' id='word_1_22' title='bbox 1947 597 2028 670; x_wconf 83' lang='lat' dir='ltr'>A,</span> <span class='ocrx_word' id='word_1_23' title='bbox 2071 584 2371 653; x_wconf 83' lang='lat' dir='ltr'>infinitas</span> <span class='ocrx_word' id='word_1_24' title='bbox 2413 584 2592 656; x_wconf 62' lang='lat' dir='ltr'>alias</span> 
     </span>
     <span class='ocr_line' id='line_1_4' title="bbox 410 686 2585 781; baseline -0.001 -15"><span class='ocrx_word' id='word_1_25' title='bbox 410 696 707 766; x_wconf 74' lang='lat' dir='ltr'>inveniri</span> <span class='ocrx_word' id='word_1_26' title='bbox 748 708 992 781; x_wconf 77' lang='lat' dir='ltr'><strong>posse,</strong></span> <span class='ocrx_word' id='word_1_27' title='bbox 1041 695 1391 764; x_wconf 69' lang='lat' dir='ltr'>centio-A</span> <span class='ocrx_word' id='word_1_28' title='bbox 1434 686 1632 762; x_wconf 69' lang='lat' dir='ltr'>radio·</span> <span class='ocrx_word' id='word_1_29' title='bbox 1671 696 1737 763; x_wconf 92' lang='lat' dir='ltr'>A</span> <span class='ocrx_word' id='word_1_30' title='bbox 1763 688 1819 767; x_wconf 81' lang='grc' dir='ltr'><em>Λ</em></span> <span class='ocrx_word' id='word_1_31' title='bbox 1863 692 2318 764; x_wconf 80' lang='lat' dir='ltr'>describendo</span> <span class='ocrx_word' id='word_1_32' title='bbox 2359 694 2585 763; x_wconf 84' lang='lat' dir='ltr'>eircu-</span> 
     </span>
     <span class='ocr_line' id='line_1_5' title="bbox 410 800 2579 891; baseline 0 -15"><span class='ocrx_word' id='word_1_33' title='bbox 410 806 589 891; x_wconf 74' lang='lat' dir='ltr'>lum‚</span> <span class='ocrx_word' id='word_1_34' title='bbox 639 819 708 875; x_wconf 85' lang='lat' dir='ltr'>et</span> <span class='ocrx_word' id='word_1_35' title='bbox 740 806 837 874; x_wconf 81' lang='lat' dir='ltr'>ad</span> <span class='ocrx_word' id='word_1_36' title='bbox 882 806 1026 887; x_wconf 85' lang='lat' dir='ltr'>ejus</span> <span class='ocrx_word' id='word_1_37' title='bbox 1070 805 1698 875; x_wconf 79' lang='lat' dir='ltr'><strong>circumferentiam</strong></span> <span class='ocrx_word' id='word_1_38' title='bbox 1743 826 1834 873; x_wconf 80' lang='lat' dir='ltr'>ex</span> <span class='ocrx_word' id='word_1_39' title='bbox 1874 808 1940 874; x_wconf 89' lang='lat' dir='ltr'>A</span> <span class='ocrx_word' id='word_1_40' title='bbox 1983 800 2298 873; x_wconf 86' lang='lat' dir='ltr'>ducendo</span> <span class='ocrx_word' id='word_1_41' title='bbox 2351 816 2579 878; x_wconf 76' lang='lat' dir='ltr'>rectas</span> 
     </span>
     <span class='ocr_line' id='line_1_6' title="bbox 418 912 2586 1007; baseline -0.001 -22"><span class='ocrx_word' id='word_1_42' title='bbox 418 930 911 1007; x_wconf 83' lang='lat' dir='ltr'>quotcumque,</span> <span class='ocrx_word' id='word_1_43' title='bbox 989 937 1160 1000; x_wconf 81' lang='lat' dir='ltr'>qnae</span> <span class='ocrx_word' id='word_1_44' title='bbox 1205 936 1446 983; x_wconf 89' lang='lat' dir='ltr'><strong>omnes</strong></span> <span class='ocrx_word' id='word_1_45' title='bbox 1490 916 1844 998; x_wconf 87' lang='lat' dir='ltr'>proposito</span> <span class='ocrx_word' id='word_1_46' title='bbox 1905 912 2354 983; x_wconf 80' lang='lat' dir='ltr'><strong>satisfacient.</strong></span> <span class='ocrx_word' id='word_1_47' title='bbox 2405 958 2428 979; x_wconf 48' lang='lat'><em>0</em></span> <span class='ocrx_word' id='word_1_48' title='bbox 2455 914 2586 983; x_wconf 76' lang='lat' dir='ltr'>Ce-</span> 
     </span>
    </p>
   </div>
   <div class='ocr_carea' id='block_1_3' title="bbox 240 1018 2580 1113">
    <p class='ocr_par' dir='ltr' id='par_1_3' title="bbox 240 1018 2580 1113">
     <span class='ocr_line' id='line_1_7' title="bbox 240 1018 2580 1113; baseline -0.001 -15"><span class='ocrx_word' id='word_1_49' title='bbox 240 1093 244 1107; x_wconf 89' lang='lat'>‚</span> <span class='ocrx_word' id='word_1_50' title='bbox 321 1046 331 1055; x_wconf 77' lang='grc'><em>“</em></span> <span class='ocrx_word' id='word_1_51' title='bbox 413 1040 636 1098; x_wconf 88' lang='lat' dir='ltr'>terum</span> <span class='ocrx_word' id='word_1_52' title='bbox 679 1026 946 1095; x_wconf 86' lang='lat' dir='ltr'>Euclidi</span> <span class='ocrx_word' id='word_1_53' title='bbox 988 1026 1074 1098; x_wconf 84' lang='lat' dir='ltr'>ad</span> <span class='ocrx_word' id='word_1_54' title='bbox 1118 1023 1540 1095; x_wconf 84' lang='lat' dir='ltr'>efficiendum</span> <span class='ocrx_word' id='word_1_55' title='bbox 1577 1023 1930 1108; x_wconf 84' lang='lat' dir='ltr'>problema</span> <span class='ocrx_word' id='word_1_56' title='bbox 1973 1024 2168 1113; x_wconf 50' lang='lat'><em>111.‚,</em></span> <span class='ocrx_word' id='word_1_57' title='bbox 2203 1023 2315 1092; x_wconf 86' lang='lat' dir='ltr'>cui</span> <span class='ocrx_word' id='word_1_58' title='bbox 2356 1018 2580 1108; x_wconf 75' lang='lat' dir='ltr'>probl-</span> 
     </span>
    </p>
   </div>
   <div class='ocr_carea' id='block_1_4' title="bbox 318 1124 2658 3643">
    <p class='ocr_par' dir='ltr' id='par_1_4' title="bbox 340 1124 2586 1551">
     <span class='ocr_line' id='line_1_8' title="bbox 412 1124 2580 1223; baseline -0.002 -16"><span class='ocrx_word' id='word_1_59' title='bbox 412 1136 510 1207; x_wconf 85' lang='grc' dir='ltr'>ΙΙ..</span> <span class='ocrx_word' id='word_1_60' title='bbox 565 1124 693 1223; x_wconf 83' lang='lat' dir='ltr'>pro</span> <span class='ocrx_word' id='word_1_61' title='bbox 748 1137 1275 1223; x_wconf 80' lang='lat' dir='ltr'>praeparatione</span> <span class='ocrx_word' id='word_1_62' title='bbox 1331 1148 1401 1204; x_wconf 93' lang='lat' dir='ltr'>et</span> <span class='ocrx_word' id='word_1_63' title='bbox 1455 1133 1760 1204; x_wconf 79' lang='lat' dir='ltr'>subsidio</span> <span class='ocrx_word' id='word_1_64' title='bbox 1800 1133 2124 1220; x_wconf 77' lang='lat' dir='ltr'>inservit,</span> <span class='ocrx_word' id='word_1_65' title='bbox 2178 1134 2344 1203; x_wconf 86' lang='lat' dir='ltr'>satis</span> <span class='ocrx_word' id='word_1_66' title='bbox 2407 1147 2580 1221; x_wconf 85' lang='lat' dir='ltr'>erat,</span> 
     </span>
     <span class='ocr_line' id='line_1_9' title="bbox 406 1234 2586 1333; baseline -0.001 -18"><span class='ocrx_word' id='word_1_67' title='bbox 406 1234 491 1316; x_wconf 55' lang='lat' dir='ltr'>&#39;ut</span> <span class='ocrx_word' id='word_1_68' title='bbox 548 1249 619 1316; x_wconf 89' lang='lat' dir='ltr'>in</span> <span class='ocrx_word' id='word_1_69' title='bbox 678 1245 895 1333; x_wconf 85' lang='lat' dir='ltr'>probl.</span> <span class='ocrx_word' id='word_1_70' title='bbox 959 1244 1118 1315; x_wconf 82' lang='lat' dir='ltr'>ndo</span> <span class='ocrx_word' id='word_1_71' title='bbox 1183 1259 1391 1313; x_wconf 81' lang='lat' dir='ltr'>unam</span> <span class='ocrx_word' id='word_1_72' title='bbox 1453 1263 1956 1333; x_wconf 85' lang='lat' dir='ltr'>quamcumque·</span> <span class='ocrx_word' id='word_1_73' title='bbox 2007 1245 2338 1314; x_wconf 80' lang='lat' dir='ltr'>invenire</span> <span class='ocrx_word' id='word_1_74' title='bbox 2377 1244 2586 1313; x_wconf 84' lang='lat' dir='ltr'>doee-</span> 
     </span>
     <span class='ocr_line' id='line_1_10' title="bbox 412 1346 2578 1443; baseline 0 -17"><span class='ocrx_word' id='word_1_75' title='bbox 412 1370 558 1426; x_wconf 83' lang='lat' dir='ltr'>ret:</span> <span class='ocrx_word' id='word_1_76' title='bbox 628 1378 835 1443; x_wconf 85' lang='lat' dir='ltr'>quare</span> <span class='ocrx_word' id='word_1_77' title='bbox 894 1354 979 1423; x_wconf 92' lang='lat' dir='ltr'>de</span> <span class='ocrx_word' id='word_1_78' title='bbox 1021 1352 1299 1439; x_wconf 83' lang='lat' dir='ltr'>reliquis</span> <span class='ocrx_word' id='word_1_79' title='bbox 1361 1352 1669 1441; x_wconf 79' lang='lat' dir='ltr'>pluribus</span> <span class='ocrx_word' id='word_1_80' title='bbox 1742 1346 1876 1422; x_wconf 74' lang='lat' dir='ltr'>au&#39;t&#39;</span> <span class='ocrx_word' id='word_1_81' title='bbox 1932 1354 2138 1421; x_wconf 86' lang='lat' dir='ltr'>etiarn</span> <span class='ocrx_word' id='word_1_82' title='bbox 2201 1355 2578 1426; x_wconf 78' lang='lat' dir='ltr'><strong>innumeris</strong></span> 
     </span>
     <span class='ocr_line' id='line_1_11' title="bbox 340 1462 1353 1551; baseline 0 -18"><span class='ocrx_word' id='word_1_83' title='bbox 340 1524 352 1533; x_wconf 27' lang='lat' dir='ltr'>t</span> <span class='ocrx_word' id='word_1_84' title='bbox 408 1466 582 1535; x_wconf 78' lang='lat' dir='ltr'>nihil</span> <span class='ocrx_word' id='word_1_85' title='bbox 622 1490 793 1551; x_wconf 88' lang='lat' dir='ltr'>opus</span> <span class='ocrx_word' id='word_1_86' title='bbox 838 1463 967 1533; x_wconf 85' lang='lat' dir='ltr'>fuit</span> <span class='ocrx_word' id='word_1_87' title='bbox 1010 1462 1285 1535; x_wconf 48' lang='lat' dir='ltr'>adderet</span> <span class='ocrx_word' id='word_1_88' title='bbox 1346 1488 1353 1493; x_wconf 61' lang='lat'><em>⁷</em></span> 
     </span>
    </p>

    <p class='ocr_par' dir='ltr' id='par_1_5' title="bbox 318 1574 2658 3643">
     <span class='ocr_line' id='line_1_12' title="bbox 576 1574 2577 1657; baseline -0.001 -12"><span class='ocrx_word' id='word_1_89' title='bbox 576 1574 815 1645; x_wconf 83' lang='lat' dir='ltr'>Paullo</span> <span class='ocrx_word' id='word_1_90' title='bbox 874 1576 1071 1645; x_wconf 79' lang='lat' dir='ltr'>aliter</span> <span class='ocrx_word' id='word_1_91' title='bbox 1124 1600 1240 1644; x_wconf 87' lang='lat' dir='ltr'>res</span> <span class='ocrx_word' id='word_1_92' title='bbox 1307 1597 1382 1645; x_wconf 81' lang='lat' dir='ltr'>se</span> <span class='ocrx_word' id='word_1_93' title='bbox 1426 1574 1636 1644; x_wconf 87' lang='lat' dir='ltr'>habet</span> <span class='ocrx_word' id='word_1_94' title='bbox 1679 1576 1765 1644; x_wconf 82' lang='lat' dir='ltr'>de</span> <span class='ocrx_word' id='word_1_95' title='bbox 1817 1574 2045 1645; x_wconf 87' lang='lat' dir='ltr'>Probl.</span> <span class='ocrx_word' id='word_1_96' title='bbox 2087 1577 2143 1645; x_wconf 89' lang='grc' dir='ltr'>Ι.</span> <span class='ocrx_word' id='word_1_97' title='bbox 2233 1574 2577 1657; x_wconf 79' lang='lat' dir='ltr'>Triangu-</span> 
     </span>
     <span class='ocr_line' id='line_1_13' title="bbox 409 1684 2580 1771; baseline -0.002 -15"><span class='ocrx_word' id='word_1_98' title='bbox 409 1686 571 1757; x_wconf 76' lang='lat' dir='ltr'>lum=</span> <span class='ocrx_word' id='word_1_99' title='bbox 595 1684 774 1756; x_wconf 86' lang='lat' dir='ltr'><strong>enim</strong></span> <span class='ocrx_word' id='word_1_100' title='bbox 816 1685 1305 1771; x_wconf 84' lang='lat' dir='ltr'>aequilaterum</span> <span class='ocrx_word' id='word_1_101' title='bbox 1348 1686 1557 1771; x_wconf 81' lang='lat' dir='ltr'>super</span> <span class='ocrx_word' id='word_1_102' title='bbox 1601 1686 1760 1754; x_wconf 88' lang='lat' dir='ltr'>data</span> <span class='ocrx_word' id='word_1_103' title='bbox 1806 1698 1998 1755; x_wconf 81' lang='lat' dir='ltr'>reeta</span> <span class='ocrx_word' id='word_1_104' title='bbox 2058 1698 2248 1754; x_wconf 82' lang='lat' dir='ltr'>utras</span> <span class='ocrx_word' id='word_1_105' title='bbox 2294 1684 2380 1753; x_wconf 87' lang='lat' dir='ltr'>ad</span> <span class='ocrx_word' id='word_1_106' title='bbox 2420 1704 2580 1768; x_wconf 88' lang='lat' dir='ltr'>par-</span> 
     </span>
     <span class='ocr_line' id='line_1_14' title="bbox 406 1794 2576 1884; baseline 0 -19"><span class='ocrx_word' id='word_1_107' title='bbox 406 1810 517 1865; x_wconf 76' lang='lat' dir='ltr'>tes</span> <span class='ocrx_word' id='word_1_108' title='bbox 577 1794 1040 1879; x_wconf 69' lang='lat' dir='ltr'>describatur,</span> <span class='ocrx_word' id='word_1_109' title='bbox 1100 1806 1255 1865; x_wconf 73' lang='lat' dir='ltr'><strong>-no&#39;n</strong></span> <span class='ocrx_word' id='word_1_110' title='bbox 1315 1796 1518 1865; x_wconf 83' lang='lat' dir='ltr'>debet</span> <span class='ocrx_word' id='word_1_111' title='bbox 1571 1798 1643 1865; x_wconf 88' lang='lat' dir='ltr'>in</span> <span class='ocrx_word' id='word_1_112' title='bbox 1710 1798 2190 1884; x_wconf 76' lang='lat' dir='ltr'>sequentibuS,</span> <span class='ocrx_word' id='word_1_113' title='bbox 2259 1797 2374 1864; x_wconf 90' lang='lat' dir='ltr'>ubi</span> <span class='ocrx_word' id='word_1_114' title='bbox 2431 1797 2576 1876; x_wconf 84' lang='lat' dir='ltr'>ejus</span> 
     </span>
     <span class='ocr_line' id='line_1_15' title="bbox 406 1904 2580 1990; baseline 0 -17"><span class='ocrx_word' id='word_1_115' title='bbox 406 1928 577 1975; x_wconf 89' lang='lat' dir='ltr'>usus</span> <span class='ocrx_word' id='word_1_116' title='bbox 619 1919 761 1990; x_wconf 88' lang='lat' dir='ltr'>est,</span> <span class='ocrx_word' id='word_1_117' title='bbox 824 1912 1104 1973; x_wconf 88' lang='lat' dir='ltr'>omnino</span> <span class='ocrx_word' id='word_1_118' title='bbox 1180 1904 1584 1974; x_wconf 78' lang='lat' dir='ltr'>indifferens</span> <span class='ocrx_word' id='word_1_119' title='bbox 1663 1908 1967 1974; x_wconf 85' lang='lat' dir='ltr'>censeri:</span> <span class='ocrx_word' id='word_1_120' title='bbox 2043 1908 2172 1975; x_wconf 76' lang='lat' dir='ltr'>etsi</span> <span class='ocrx_word' id='word_1_121' title='bbox 2233 1909 2415 1973; x_wconf 87' lang='lat' dir='ltr'><strong>enim</strong></span> <span class='ocrx_word' id='word_1_122' title='bbox 2475 1906 2580 1973; x_wconf 90' lang='lat' dir='ltr'>in-</span> 
     </span>
     <span class='ocr_line' id='line_1_16' title="bbox 356 2004 2656 2102; baseline -0.001 -17"><span class='ocrx_word' id='word_1_123' title='bbox 356 2071 371 2098; x_wconf 51' lang='lat'>4</span> <span class='ocrx_word' id='word_1_124' title='bbox 412 2016 739 2085; x_wconf 87' lang='lat' dir='ltr'><strong>differens</strong></span> <span class='ocrx_word' id='word_1_125' title='bbox 782 2026 889 2081; x_wconf 87' lang='lat' dir='ltr'>est</span> <span class='ocrx_word' id='word_1_126' title='bbox 945 2015 1022 2079; x_wconf 87' lang='lat' dir='ltr'>in</span> <span class='ocrx_word' id='word_1_127' title='bbox 1064 2012 1199 2079; x_wconf 83' lang='lat' dir='ltr'>2da&#39;</span> <span class='ocrx_word' id='word_1_128' title='bbox 1233 2034 1470 2096; x_wconf 86' lang='lat' dir='ltr'>prop.‚</span> <span class='ocrx_word' id='word_1_129' title='bbox 1531 2036 1673 2079; x_wconf 87' lang='lat' dir='ltr'>non</span> <span class='ocrx_word' id='word_1_130' title='bbox 1725 2026 1958 2083; x_wconf 86' lang='lat' dir='ltr'>tamen</span> <span class='ocrx_word' id='word_1_131' title='bbox 2013 2016 2084 2081; x_wconf 86' lang='lat' dir='ltr'>in</span> <span class='ocrx_word' id='word_1_132' title='bbox 2145 2024 2270 2102; x_wconf 72' lang='lat' dir='ltr'>9a3</span> <span class='ocrx_word' id='word_1_133' title='bbox 2332 2016 2404 2081; x_wconf 84' lang='lat' dir='ltr'>in</span> <span class='ocrx_word' id='word_1_134' title='bbox 2451 2038 2580 2101; x_wconf 88' lang='lat' dir='ltr'>qua</span> <span class='ocrx_word' id='word_1_135' title='bbox 2651 2004 2656 2009; x_wconf 40' lang='lat'><em>⁶</em></span> 
     </span>
     <span class='ocr_line' id='line_1_17' title="bbox 334 2118 2580 2211; baseline 0 -18"><span class='ocrx_word' id='word_1_136' title='bbox 334 2172 339 2178; x_wconf 88' lang='lat'><em>-</em></span> <span class='ocrx_word' id='word_1_137' title='bbox 396 2122 831 2205; x_wconf 78' lang='lat' dir='ltr'>¹triangulum</span> <span class='ocrx_word' id='word_1_138' title='bbox 890 2118 1381 2205; x_wconf 78' lang='lat' dir='ltr'>aequilaterum</span> <span class='ocrx_word' id='word_1_139' title='bbox 1421 2137 1648 2204; x_wconf 77' lang='lat' dir='ltr'>&#39;super</span> <span class='ocrx_word' id='word_1_140' title='bbox 1690 2136 1753 2191; x_wconf 87' lang='grc' dir='ltr'><em>Δ</em></span> <span class='ocrx_word' id='word_1_141' title='bbox 1795 2124 1854 2189; x_wconf 88' lang='grc' dir='ltr'><strong>Ε</strong></span> <span class='ocrx_word' id='word_1_142' title='bbox 1899 2122 2004 2211; x_wconf 81' lang='lat' dir='ltr'>(v.</span> <span class='ocrx_word' id='word_1_143' title='bbox 2047 2123 2162 2205; x_wconf 79' lang='lat' dir='ltr'>fig.</span> <span class='ocrx_word' id='word_1_144' title='bbox 2230 2120 2422 2191; x_wconf 87' lang='lat' dir='ltr'>Euel.</span> <span class='ocrx_word' id='word_1_145' title='bbox 2494 2122 2580 2193; x_wconf 88' lang='lat' dir='ltr'>ad</span> 
     </span>
     <span class='ocr_line' id='line_1_18' title="bbox 406 2228 2658 2321; baseline 0 -21"><span class='ocrx_word' id='word_1_146' title='bbox 406 2254 607 2320; x_wconf 85' lang='lat' dir='ltr'>prop.</span> <span class='ocrx_word' id='word_1_147' title='bbox 654 2235 751 2318; x_wconf 78' lang='grc'>9)</span> <span class='ocrx_word' id='word_1_148' title='bbox 796 2242 1069 2315; x_wconf 85' lang='lat' dir='ltr'>oportet</span> <span class='ocrx_word' id='word_1_149' title='bbox 1109 2235 1249 2296; x_wconf 88' lang='lat' dir='ltr'>n&#39;on</span> <span class='ocrx_word' id='word_1_150' title='bbox 1293 2228 1380 2297; x_wconf 90' lang='lat' dir='ltr'>ad</span> <span class='ocrx_word' id='word_1_151' title='bbox 1408 2228 1788 2321; x_wconf 83' lang='lat' dir='ltr'>utraslibet,</span> <span class='ocrx_word' id='word_1_152' title='bbox 1835 2233 1958 2301; x_wconf 83' lang='lat' dir='ltr'>sed</span> <span class='ocrx_word' id='word_1_153' title='bbox 1997 2233 2080 2302; x_wconf 86' lang='lat' dir='ltr'>ad</span> <span class='ocrx_word' id='word_1_154' title='bbox 2121 2254 2236 2301; x_wconf 90' lang='lat' dir='ltr'>eas</span> <span class='ocrx_word' id='word_1_155' title='bbox 2269 2235 2580 2301; x_wconf 87' lang='lat' dir='ltr'>nomina-</span> <span class='ocrx_word' id='word_1_156' title='bbox 2653 2297 2658 2312; x_wconf 79' lang='grc'><strong>,</strong></span> 
     </span>
     <span class='ocr_line' id='line_1_19' title="bbox 410 2342 2580 2444; baseline 0 -30"><span class='ocrx_word' id='word_1_157' title='bbox 410 2347 535 2414; x_wconf 89' lang='lat' dir='ltr'>tim</span> <span class='ocrx_word' id='word_1_158' title='bbox 576 2356 809 2414; x_wconf 85' lang='lat' dir='ltr'>rectae</span> <span class='ocrx_word' id='word_1_159' title='bbox 868 2357 933 2413; x_wconf 84' lang='lat' dir='ltr'><em>A</em></span> <span class='ocrx_word' id='word_1_160' title='bbox 967 2342 1027 2410; x_wconf 93' lang='lat' dir='ltr'><strong>E</strong></span> <span class='ocrx_word' id='word_1_161' title='bbox 1086 2353 1319 2425; x_wconf 82' lang='lat' dir='ltr'>partes</span> <span class='ocrx_word' id='word_1_162' title='bbox 1380 2345 1728 2430; x_wconf 83' lang='lat' dir='ltr'>construi,</span> <span class='ocrx_word' id='word_1_163' title='bbox 1797 2343 1884 2412; x_wconf 87' lang='lat' dir='ltr'>ad</span> <span class='ocrx_word' id='word_1_164' title='bbox 1943 2365 2110 2428; x_wconf 88' lang='lat' dir='ltr'>quas</span> <span class='ocrx_word' id='word_1_165' title='bbox 2171 2365 2310 2411; x_wconf 91' lang='lat' dir='ltr'>non</span> <span class='ocrx_word' id='word_1_166' title='bbox 2345 2347 2580 2444; x_wconf 70' lang='lat' dir='ltr'>¹situm</span> 
     </span>
     <span class='ocr_line' id='line_1_20' title="bbox 410 2450 2578 2540; baseline -0 -17"><span class='ocrx_word' id='word_1_167' title='bbox 410 2468 519 2524; x_wconf 87' lang='lat' dir='ltr'>est</span> <span class='ocrx_word' id='word_1_168' title='bbox 558 2467 887 2538; x_wconf 83' lang='lat' dir='ltr'>punctum</span> <span class='ocrx_word' id='word_1_169' title='bbox 927 2455 993 2521; x_wconf 83' lang='lat' dir='ltr'>A·</span> <span class='ocrx_word' id='word_1_170' title='bbox 1033 2450 1145 2520; x_wconf 67' lang='lat' dir='ltr'>vel</span> <span class='ocrx_word' id='word_1_171' title='bbox 1187 2451 1610 2535; x_wconf 72' lang='lat' dir='ltr'>triangulum</span> <span class='ocrx_word' id='word_1_172' title='bbox 1663 2453 1926 2524; x_wconf 79' lang='lat' dir='ltr'>AAE:</span> <span class='ocrx_word' id='word_1_173' title='bbox 1981 2455 2074 2522; x_wconf 91' lang='lat' dir='ltr'>ibi</span> <span class='ocrx_word' id='word_1_174' title='bbox 2133 2457 2364 2540; x_wconf 87' lang='lat' dir='ltr'>itaque</span> <span class='ocrx_word' id='word_1_175' title='bbox 2417 2479 2578 2540; x_wconf 85' lang='lat' dir='ltr'>sup-</span> 
     </span>
     <span class='ocr_line' id='line_1_21' title="bbox 404 2552 2577 2651; baseline 0.002 -21"><span class='ocrx_word' id='word_1_176' title='bbox 404 2565 923 2650; x_wconf 82' lang='lat' dir='ltr'>ponitur‘prop.</span> <span class='ocrx_word' id='word_1_177' title='bbox 969 2563 1045 2632; x_wconf 87' lang='lat' dir='ltr'>Ia</span> <span class='ocrx_word' id='word_1_178' title='bbox 1084 2561 1223 2632; x_wconf 83' lang='lat' dir='ltr'>hoc</span> <span class='ocrx_word' id='word_1_179' title='bbox 1265 2586 1475 2632; x_wconf 87' lang='lat' dir='ltr'><strong>sensu</strong></span> <span class='ocrx_word' id='word_1_180' title='bbox 1517 2552 2000 2650; x_wconf 68' lang='lat' dir='ltr'>intelligenda,</span> <span class='ocrx_word' id='word_1_181' title='bbox 2064 2577 2141 2632; x_wconf 92' lang='lat' dir='ltr'>ut</span> <span class='ocrx_word' id='word_1_182' title='bbox 2195 2587 2402 2651; x_wconf 83' lang='lat' dir='ltr'>super</span> <span class='ocrx_word' id='word_1_183' title='bbox 2459 2565 2577 2634; x_wconf 88' lang='lat' dir='ltr'>da-</span> 
     </span>
     <span class='ocr_line' id='line_1_22' title="bbox 408 2672 2580 2762; baseline 0 -20"><span class='ocrx_word' id='word_1_184' title='bbox 408 2689 483 2742; x_wconf 87' lang='lat' dir='ltr'>ta</span> <span class='ocrx_word' id='word_1_185' title='bbox 534 2687 727 2742; x_wconf 86' lang='lat' dir='ltr'>reeta</span> <span class='ocrx_word' id='word_1_186' title='bbox 784 2696 925 2743; x_wconf 84' lang='lat' dir='ltr'>non</span> <span class='ocrx_word' id='word_1_187' title='bbox 967 2672 1055 2740; x_wconf 90' lang='lat' dir='ltr'>ad</span> <span class='ocrx_word' id='word_1_188' title='bbox 1117 2685 1600 2759; x_wconf 83' lang='lat' dir='ltr'>utrascumque</span> <span class='ocrx_word' id='word_1_189' title='bbox 1645 2675 1872 2744; x_wconf 88' lang='lat' dir='ltr'>saltim</span> <span class='ocrx_word' id='word_1_190' title='bbox 1917 2687 2192 2762; x_wconf 86' lang='lat' dir='ltr'>partes,</span> <span class='ocrx_word' id='word_1_191' title='bbox 2267 2675 2438 2744; x_wconf 88' lang='lat' dir='ltr'><strong>nihil</strong></span> <span class='ocrx_word' id='word_1_192' title='bbox 2501 2687 2580 2743; x_wconf 89' lang='lat' dir='ltr'>ut</span> 
     </span>
     <span class='ocr_line' id='line_1_23' title="bbox 318 2782 2576 2870; baseline 0.001 -18"><span class='ocrx_word' id='word_1_193' title='bbox 318 2835 323 2842; x_wconf 79' lang='lat'>.</span> <span class='ocrx_word' id='word_1_194' title='bbox 406 2785 701 2868; x_wconf 79' lang='lat' dir='ltr'>intersit,</span> <span class='ocrx_word' id='word_1_195' title='bbox 747 2782 1001 2870; x_wconf 80' lang='lat' dir='ltr'><strong>sedad,</strong></span> <span class='ocrx_word' id='word_1_196' title='bbox 1042 2793 1232 2850; x_wconf 85' lang='lat' dir='ltr'>utras</span> <span class='ocrx_word' id='word_1_197' title='bbox 1260 2787 1499 2854; x_wconf 44' lang='lat' dir='ltr'>⁴visum</span> <span class='ocrx_word' id='word_1_198' title='bbox 1543 2787 1754 2855; x_wconf 87' lang='lat' dir='ltr'>fuerit</span> <span class='ocrx_word' id='word_1_199' title='bbox 1793 2784 1973 2854; x_wconf 85' lang='lat' dir='ltr'>illius</span> <span class='ocrx_word' id='word_1_200' title='bbox 2017 2798 2272 2870; x_wconf 83' lang='lat' dir='ltr'>partes,</span> <span class='ocrx_word' id='word_1_201' title='bbox 2321 2807 2445 2853; x_wconf 87' lang='lat' dir='ltr'>seu</span> <span class='ocrx_word' id='word_1_202' title='bbox 2489 2783 2576 2854; x_wconf 85' lang='lat' dir='ltr'>ad</span> 
     </span>
     <span class='ocr_line' id='line_1_24' title="bbox 405 2879 2577 2980; baseline -0 -20"><span class='ocrx_word' id='word_1_203' title='bbox 405 2906 637 2980; x_wconf 88' lang='lat' dir='ltr'>partes</span> <span class='ocrx_word' id='word_1_204' title='bbox 680 2879 1065 2976; x_wconf 83' lang='lat' dir='ltr'>assignatas</span> <span class='ocrx_word' id='word_1_205' title='bbox 1110 2891 1409 2963; x_wconf 84' lang='lat' dir='ltr'>describi</span> <span class='ocrx_word' id='word_1_206' title='bbox 1451 2898 1683 2980; x_wconf 84' lang='lat' dir='ltr'>possit</span> <span class='ocrx_word' id='word_1_207' title='bbox 1735 2892 2151 2976; x_wconf 85' lang='lat' dir='ltr'>triangulum</span> <span class='ocrx_word' id='word_1_208' title='bbox 2211 2879 2577 2979; x_wconf 58' lang='lat' dir='ltr'>aet-‘luilate-</span> 
     </span>
     <span class='ocr_line' id='line_1_25' title="bbox 404 2999 2570 3093; baseline 0 -21"><span class='ocrx_word' id='word_1_209' title='bbox 404 3026 581 3072; x_wconf 85' lang='lat' dir='ltr'>rum.</span> <span class='ocrx_word' id='word_1_210' title='bbox 664 3003 777 3072; x_wconf 84' lang='lat' dir='ltr'>Sie</span> <span class='ocrx_word' id='word_1_211' title='bbox 835 3015 906 3070; x_wconf 90' lang='lat' dir='ltr'>et</span> <span class='ocrx_word' id='word_1_212' title='bbox 948 3002 1037 3071; x_wconf 87' lang='lat' dir='ltr'>ad</span> <span class='ocrx_word' id='word_1_213' title='bbox 1080 3001 1737 3080; x_wconf 84' lang='lat' dir='ltr'>demonstrationem</span> <span class='ocrx_word' id='word_1_214' title='bbox 1781 3001 1976 3093; x_wconf 71' lang='lat' dir='ltr'>prop.</span> <span class='ocrx_word' id='word_1_215' title='bbox 2025 3015 2231 3091; x_wconf 74' lang='lat' dir='ltr'>211ae,</span> <span class='ocrx_word' id='word_1_216' title='bbox 2280 2999 2570 3084; x_wconf 85' lang='lat' dir='ltr'>angulus</span> 
     </span>
     <span class='ocr_line' id='line_1_26' title="bbox 410 3113 2578 3214; baseline -0 -32"><span class='ocrx_word' id='word_1_217' title='bbox 410 3113 497 3182; x_wconf 84' lang='lat' dir='ltr'>ad</span> <span class='ocrx_word' id='word_1_218' title='bbox 537 3125 798 3188; x_wconf 82' lang='lat' dir='ltr'>rectam</span> <span class='ocrx_word' id='word_1_219' title='bbox 851 3113 1000 3184; x_wconf 87' lang='lat' dir='ltr'>EA</span> <span class='ocrx_word' id='word_1_220' title='bbox 1072 3121 1179 3214; x_wconf 56' lang='grc' dir='ltr'>(νῖ</span> <span class='ocrx_word' id='word_1_221' title='bbox 1222 3113 1347 3199; x_wconf 79' lang='lat' dir='ltr'>fig.</span> <span class='ocrx_word' id='word_1_222' title='bbox 1392 3114 1849 3204; x_wconf 78' lang='lat' dir='ltr'>illiusprop.)</span> <span class='ocrx_word' id='word_1_223' title='bbox 1910 3119 1983 3184; x_wconf 90' lang='lat' dir='ltr'>in</span> <span class='ocrx_word' id='word_1_224' title='bbox 2041 3127 2296 3202; x_wconf 87' lang='lat' dir='ltr'>puncto</span> <span class='ocrx_word' id='word_1_225' title='bbox 2350 3127 2578 3182; x_wconf 72' lang='lat' dir='ltr'>Aac·</span> 
     </span>
     <span class='ocr_line' id='line_1_27' title="bbox 399 3223 2576 3312; baseline 0.002 -24"><span class='ocrx_word' id='word_1_226' title='bbox 399 3223 623 3312; x_wconf 67' lang='lat' dir='ltr'>,qualis</span> <span class='ocrx_word' id='word_1_227' title='bbox 670 3223 921 3307; x_wconf 87' lang='lat' dir='ltr'>angulo</span> <span class='ocrx_word' id='word_1_228' title='bbox 986 3225 1040 3292; x_wconf 94' lang='lat' dir='ltr'>B</span> <span class='ocrx_word' id='word_1_229' title='bbox 1074 3228 1153 3294; x_wconf 85' lang='lat' dir='ltr'>A·</span> <span class='ocrx_word' id='word_1_230' title='bbox 1182 3237 1241 3297; x_wconf 92' lang='grc' dir='ltr'>Γ</span> <span class='ocrx_word' id='word_1_231' title='bbox 1296 3227 1818 3296; x_wconf 80' lang='lat' dir='ltr'>constituendus</span> <span class='ocrx_word' id='word_1_232' title='bbox 1877 3230 1984 3298; x_wconf 76' lang='lat' dir='ltr'>&#39;est</span> <span class='ocrx_word' id='word_1_233' title='bbox 2037 3249 2176 3296; x_wconf 90' lang='lat' dir='ltr'>non</span> <span class='ocrx_word' id='word_1_234' title='bbox 2221 3225 2306 3293; x_wconf 86' lang='lat' dir='ltr'>ad</span> <span class='ocrx_word' id='word_1_235' title='bbox 2347 3237 2576 3300; x_wconf 87' lang='lat' dir='ltr'>utras-</span> 
     </span>
     <span class='ocr_line' id='line_1_28' title="bbox 406 3322 2578 3430; baseline -0.001 -26"><span class='ocrx_word' id='word_1_236' title='bbox 406 3357 697 3422; x_wconf 85' lang='lat' dir='ltr'>eumque</span> <span class='ocrx_word' id='word_1_237' title='bbox 738 3347 973 3430; x_wconf 80' lang='lat' dir='ltr'>rectae</span> <span class='ocrx_word' id='word_1_238' title='bbox 1016 3350 1080 3405; x_wconf 82' lang='lat' dir='ltr'><em>A</em></span> <span class='ocrx_word' id='word_1_239' title='bbox 1112 3325 1514 3422; x_wconf 49' lang='lat' dir='ltr'>Epa-tes,-</span> <span class='ocrx_word' id='word_1_240' title='bbox 1547 3334 1670 3407; x_wconf 85' lang='lat' dir='ltr'>sed</span> <span class='ocrx_word' id='word_1_241' title='bbox 1723 3337 1836 3406; x_wconf 59' lang='lat' dir='ltr'>ad⁴</span> <span class='ocrx_word' id='word_1_242' title='bbox 1875 3360 1988 3406; x_wconf 86' lang='lat' dir='ltr'>eas</span> <span class='ocrx_word' id='word_1_243' title='bbox 2035 3322 2412 3419; x_wconf 73' lang='lat' dir='ltr'>duntaxat,</span> <span class='ocrx_word' id='word_1_244' title='bbox 2488 3333 2578 3403; x_wconf 80' lang='lat' dir='ltr'>ad</span> 
     </span>
     <span class='ocr_line' id='line_1_29' title="bbox 409 3427 2576 3539; baseline -0.001 -25"><span class='ocrx_word' id='word_1_245' title='bbox 409 3469 576 3532; x_wconf 88' lang='lat' dir='ltr'>quas</span> <span class='ocrx_word' id='word_1_246' title='bbox 623 3458 729 3516; x_wconf 90' lang='lat' dir='ltr'>est</span> <span class='ocrx_word' id='word_1_247' title='bbox 765 3449 1097 3539; x_wconf 70' lang='lat' dir='ltr'>punctum</span> <span class='ocrx_word' id='word_1_248' title='bbox 1145 3455 1197 3515; x_wconf 87' lang='grc' dir='ltr'><strong><em>Ζ</em></strong></span> <span class='ocrx_word' id='word_1_249' title='bbox 1254 3444 1368 3513; x_wconf 81' lang='lat' dir='ltr'>vel</span> <span class='ocrx_word' id='word_1_250' title='bbox 1410 3447 1825 3530; x_wconf 78' lang='lat' dir='ltr'>triangulum</span> <span class='ocrx_word' id='word_1_251' title='bbox 1883 3427 1944 3515; x_wconf 83' lang='lat' dir='ltr'>E</span> <span class='ocrx_word' id='word_1_252' title='bbox 1975 3462 2040 3518; x_wconf 88' lang='grc' dir='ltr'>·Δ</span> <span class='ocrx_word' id='word_1_253' title='bbox 2070 3447 2311 3518; x_wconf 77' lang='lat' dir='ltr'><strong>zz-ibi</strong></span> <span class='ocrx_word' id='word_1_254' title='bbox 2364 3446 2576 3528; x_wconf 83' lang='lat' dir='ltr'>igitur</span> 
     </span>
     <span class='ocr_line' id='line_1_30' title="bbox 407 3551 2576 3643; baseline -0.001 -19"><span class='ocrx_word' id='word_1_255' title='bbox 407 3558 793 3642; x_wconf 84' lang='lat' dir='ltr'>requiritur.</span> <span class='ocrx_word' id='word_1_256' title='bbox 870 3554 1026 3625; x_wconf 86' lang='lat' dir='ltr'>talis</span> <span class='ocrx_word' id='word_1_257' title='bbox 1126 3551 1572 3640; x_wconf 79' lang='lat' dir='ltr'>problematis</span> <span class='ocrx_word' id='word_1_258' title='bbox 1645 3557 1716 3626; x_wconf 85' lang='lat' dir='ltr'>in</span> <span class='ocrx_word' id='word_1_259' title='bbox 1771 3580 2008 3643; x_wconf 72' lang='lat' dir='ltr'>,prop.</span> <span class='ocrx_word' id='word_1_260' title='bbox 2114 3565 2218 3627; x_wconf 85' lang='lat'>23.</span> <span class='ocrx_word' id='word_1_261' title='bbox 2323 3555 2576 3624; x_wconf 84' lang='lat' dir='ltr'>tradita</span> 
     </span>
    </p>
   </div>
   <div class='ocr_carea' id='block_1_5' title="bbox 310 3664 2580 3752">
    <p class='ocr_par' dir='ltr' id='par_1_6' title="bbox 310 3664 2580 3752">
     <span class='ocr_line' id='line_1_31' title="bbox 310 3664 2580 3752; baseline -0.003 -14"><span class='ocrx_word' id='word_1_262' title='bbox 310 3733 317 3738; x_wconf 91' lang='lat'>.</span> <span class='ocrx_word' id='word_1_263' title='bbox 407 3665 698 3752; x_wconf 84' lang='lat' dir='ltr'>solutio,</span> <span class='ocrx_word' id='word_1_264' title='bbox 756 3688 890 3750; x_wconf 86' lang='lat' dir='ltr'>qua</span> <span class='ocrx_word' id='word_1_265' title='bbox 946 3664 1236 3751; x_wconf 80' lang='lat' dir='ltr'>angulus</span> <span class='ocrx_word' id='word_1_266' title='bbox 1294 3665 1381 3734; x_wconf 90' lang='lat' dir='ltr'>ad</span> <span class='ocrx_word' id='word_1_267' title='bbox 1404 3667 1805 3750; x_wconf 79' lang='lat' dir='ltr'>&#39;assignatas</span> <span class='ocrx_word' id='word_1_268' title='bbox 1861 3679 2094 3735; x_wconf 87' lang='lat' dir='ltr'>rectae</span> <span class='ocrx_word' id='word_1_269' title='bbox 2157 3665 2356 3734; x_wconf 88' lang='lat' dir='ltr'>datae</span> <span class='ocrx_word' id='word_1_270' title='bbox 2419 3688 2580 3749; x_wconf 60' lang='lat' dir='ltr'>par-⁶</span> 
     </span>
    </p>
   </div>
   <div class='ocr_carea' id='block_1_6' title="bbox 409 3775 2578 3990">
    <p class='ocr_par' dir='ltr' id='par_1_7' title="bbox 409 3775 2578 3990">
     <span class='ocr_line' id='line_1_32' title="bbox 409 3775 2578 3863; baseline -0 -19"><span class='ocrx_word' id='word_1_271' title='bbox 409 3789 518 3851; x_wconf 80' lang='lat' dir='ltr'>tes</span> <span class='ocrx_word' id='word_1_272' title='bbox 570 3777 1065 3861; x_wconf 82' lang='lat' dir='ltr'>constituatur:</span> <span class='ocrx_word' id='word_1_273' title='bbox 1150 3777 1347 3859; x_wconf 64' lang='lat' dir='ltr'>euius</span> <span class='ocrx_word' id='word_1_274' title='bbox 1402 3778 1674 3848; x_wconf 80' lang='lat' dir='ltr'>effectio</span> <span class='ocrx_word' id='word_1_275' title='bbox 1755 3777 2042 3863; x_wconf 80' lang='lat' dir='ltr'>requirit</span> <span class='ocrx_word' id='word_1_276' title='bbox 2089 3788 2168 3844; x_wconf 87' lang='lat' dir='ltr'>-et</span> <span class='ocrx_word' id='word_1_277' title='bbox 2207 3775 2578 3861; x_wconf 78' lang='lat' dir='ltr'>‘problema</span> 
     </span>
     <span class='ocr_line' id='line_1_33' title="bbox 410 3883 2577 3990; baseline -0 -34"><span class='ocrx_word' id='word_1_278' title='bbox 410 3909 613 3975; x_wconf 81' lang='lat' dir='ltr'>prop.</span> <span class='ocrx_word' id='word_1_279' title='bbox 654 3889 819 3956; x_wconf 81' lang='lat' dir='ltr'>22ae</span> <span class='ocrx_word' id='word_1_280' title='bbox 860 3885 997 3953; x_wconf 80' lang='lat' dir='ltr'>hoe&#39;</span> <span class='ocrx_word' id='word_1_281' title='bbox 1040 3905 1251 3990; x_wconf 77' lang='lat' dir='ltr'><strong>sensu</strong></span> <span class='ocrx_word' id='word_1_282' title='bbox 1290 3884 1623 3984; x_wconf 77' lang='lat' dir='ltr'>solutum,</span> <span class='ocrx_word' id='word_1_283' title='bbox 1679 3889 1760 3956; x_wconf 77' lang='lat' dir='ltr'>ut</span> <span class='ocrx_word' id='word_1_284' title='bbox 1799 3883 2218 3970; x_wconf 79' lang='lat' dir='ltr'>triangulum</span> <span class='ocrx_word' id='word_1_285' title='bbox 2261 3908 2302 3956; x_wconf 91' lang='lat' dir='ltr'>e</span> <span class='ocrx_word' id='word_1_286' title='bbox 2325 3885 2577 3972; x_wconf 66' lang='lat' dir='ltr'>rectis,</span> 
     </span>
    </p>
   </div>
   <div class='ocr_carea' id='block_1_7' title="bbox 2029 4227 2050 4260">
    <p class='ocr_par' dir='ltr' id='par_1_8' title="bbox 2029 4227 2050 4260">
     <span class='ocr_line' id='line_1_34' title="bbox 2029 4227 2050 4260; baseline 0 0"><span class='ocrx_word' id='word_1_287' title='bbox 2029 4227 2050 4260; x_wconf 87' lang='grc' dir='ltr'><em>Ι</em></span> 
     </span>
    </p>
   </div>
  </div>
 </body>
</html>
