2838 4673
456 172 497 185 Q

484 298 493 309 -
572 298 582 307 -
668 246 1348 327 demonstranda-
1406 242 1978 346 problemata„
2189 246 2198 301 ⁷-
2261 218 2404 319 ηδ

132 452 147 458 ’
234 498 408 567 quae
452 477 670 550 tribus
714 473 891 543 datis
936 472 1257 559 aequales
1298 473 1472 559 sint,
1515 472 1975 541 constituatur
2017 492 2223 554 super
2279 488 2414 541 ex-

233 589 461 675 posita
498 597 703 653 recta.
732 597 797 655 Δ
838 582 899 652 Ε
950 587 1101 671 (fig.
1145 606 1343 670 prop:
1386 589 1534 667 22.)
1577 606 1720 653 non
1764 582 1848 651 ad
1891 594 2406 671 utrascumque,

42 715 47 726 ·
165 728 173 735 ·
232 712 315 769 ut
349 686 760 791 indifferens
812 697 965 791 sit,¹
1000 696 1127 765 sed
1169 695 1256 764 ad
1298 708 1490 767 utras
1523 696 1795 779 jussum
1839 693 2086 781 fuerit,
2147 714 2272 763 seu
2317 692 2413 763 αεὶ·

239 809 635 892 assignatas·
662 807 809 889 ejus
850 819 1107 892 partes.

1170 981 1231 1063 §-
1313 981 1350 1063 .1
1363 968 1468 1046 67.

401 1144 594 1213 Haeo
652 1140 876 1211 obiter
918 1140 1310 1213 annotanda
1354 1141 1676 1211 duximus
1696 1189 1716 1227 ,
1761 1153 1852 1216 ut·
1876 1138 1970 1209 ‘ad
2013 1138 2406 1227 generalem

236 1265 307 1322 et
352 1250 834 1328 elementarem
873 1252 1377 1339 problematum
1423 1252 1758 1321 theoriam
1802 1252 2245 1337 pertinentia:
2313 1252 2409 1319 si-
2465 1314 2472 1319 .

235 1362 376 1431 mul
444 1363 623 1448 quod
684 1387 823 1432 non
883 1364 1175 1431 alienum
1240 1364 1466 1455 visum
1512 1376 1651 1449 est,
1697 1363 1808 1431 hic
1853 1364 2082 1431 s'tatim
2123 1382 2406 1429 monere

113 1491 123 1501 ⁸
184 1464 193 1485 ⁴
236 1470 320 1541 de
385 1471 771 1541 differentia
834 1474 1128 1557 quadam
1183 1472 1698 1556 propositorum
1753 1494 1960 1561 supra
2022 1479 2111 1559 (§.
2162 1476 2282 1539 162
2323 1516 2410 1531 --

31 1602 33 1609 ·
96 1592 141 1629 '-
235 1584 416 1667 165.)
476 1587 771 1667 quatuor
829 1580 1369 1663 problematumt
1425 1600 1590 1645 -eam
1633 1578 1829 1662 dieo,
1889 1580 2070 1662 quod
2128 1602 2218 1648 ex
2272 1580 2452 1651 illis

238 1690 619 1761 secund-um
660 1686 933 1771 quidem
978 1698 1049 1751 et
1092 1687 1371 1752 tertium
1410 1707 1622 1752 unam
1675 1697 1941 1752 tantum
1998 1688 2408 1757 solutionem

234 1797 573 1881 admittit,
660 1814 783 1863 seu
822 1776 1029 1859 unam
1096 1806 1361 1863 tantum
1402 1806 1704 1877 rectam,
1775 1813 1946 1877 quae
2000 1794 2407 1877 problemati

240 1905 621 1981 satisfaciu
678 1902 860 1990 quod
918 1900 1193 1987 'quidem
1242 1906 1341 1973 ita
1382 1924 1572 1989 esse,
1615 1892 2053 1987 postmodum
2095 1924 2188 1971 ex
2237 1905 2411 1988 ipsis

238 2038 437 2101 prop.
484 2018 607 2084 Aac
632 2013 1139 2083 conseotariis
1164 2018 1254 2099 (5.
1302 2016 1446 2081 240.
1491 2020 1677 2096 263.)
1737 2014 2182 2089 manifestum
2241 2016 2403 2081 fiet:

153 2204 158 2214 ¹
242 2122 685 2209 similiterque
728 2136 799 2192 et
854 2134 1171 2209 quartum
1232 2145 1442 2189 unam
1496 2109 1764 2193 tantum
1817 2122 2226 2191 solutionem
2275 2122 2409 2193 ad·

242 2237 486 2325 mittit3
532 2226 713 2320 quod
758 2246 988 2302 tamen
1030 2234 1128 2301 ita
1164 2252 1317 2303 esse
1364 2254 1487 2316 per
1524 2231 1772 2319 1‚16·.
1813 2234 2087 2303 demum
2143 2232 2424 2304 ostendi.
2504 2304 2506 2307 ,

236 2356 501 2432 potest:
573 2346 869 2430 primurn
921 2365 1091 2411 vero
1149 2341 1422 2413 illorum
1477 2334 1979 2425 problematum
2022 2345 2250 2414 varios
2293 2365 2409 2413 ea-

240 2477 357 2524 sus
404 2455 653 2538 habet,
712 2466 781 2520 et
825 2451 973 2522 aliis
1014 2475 1221 2529 unam
1260 2450 1573 2536 solam,
1593 2451 1742 2522 aliis
1803 2454 1972 2525 duas
2031 2454 2406 2526 solutiones

236 2564 528 2652 recipit3
588 2561 768 2645 quod
831 2575 1063 2631 tamen
1120 2583 1245 2644 per
1302 2581 1383 2628 ea
1427 2559 1739 2648 demum,
1795 2586 1968 2648 quae
2009 2577 2169 2648 post
2209 2587 2405 2648 prop.
2446 2565 2455 2576 ’
2498 2551 2502 2555 ’

238 2683 345 2743 26.
392 2673 643 2740 tradita
673 2669 957 2740 suntin
1018 2667 1670 2740 Chr-estomath.
1726 2691 1990 2754 geom.
2056 2696 2214 2758 pag.
2257 2671 2404 2747 32’.1

242 2807 344 2868 sq.
364 2831 386 2870 ,
432 2779 773 2928 explicari
805 2793 1059 2867 potest.
1284 2803 1289 2808 ·

1170 2977 1231 3062 §·
1323 2975 1466 3046 168.

406 3141 610 3224 Patet
654 3149 913 3222 autem,
957 3139 1016 3208 si
1058 3131 1343 3228 aliquid,
1391 3139 1576 3225 quod
1617 3142 1770 3209 fieri
1807 3144 2210 3229 requiritur,
2255 3142 2407 3227 plu-

242 3249 429 3319 ribus
490 3246 712 3318 modis
770 3235 990 3330 possit
1048 3251 1257 3338 effici3
1320 3251 1391 3318 id
1461 3263 1537 3320 ut
1596 3251 1820 3320 minus
1892 3252 2121 3322 multis
2182 3253 2404 3321 modis

248 3356 416 3452 effici
463 3359 707 3444 queat,
755 3343 1055 3438 futurum
1100 3381 1295 3445 esse,
1353 3361 1455 3446 si',
1524 3359 1704 3445 quod
1745 3363 1933 3445 prius
2005 3363 2407 3447 simpliciter

247 3467 719 3548 requirebatur
745 3517 761 3548 ,
794 3453 941 3548 jani
987 3461 1305 3548 adjuncta
1344 3491 1528 3537 nova
1573 3469 1793 3554 aliqua
1849 3473 2240 3542 conditione
2295 3471 2410 3542 vel

248 3571 811 3644 determinatione
856 3575 1004 3644 fieri
1048 3569 1463 3660 requiratur(
1541 3577 1746 3650 Ut'in
1791 3582 2126 3664 superiori
2169 3604 2407 3651 exem-

170 3732 175 3741 .
239 3681 397 3767 1310,
463 3684 549 3752 ad
608 3684 839 3752 datum
896 3673 1225 3769 punetum
1284 3685 1484 3755 datae
1527 3683 1752 3757 'alic-ui
1795 3703 2026 3759 rectae
2085 3693 2405 3778 aequales

241 3793 922 3862 rectae.innumerae
980 3807 1272 3879 possunt
1310 3797 1517 3888 poni3
1583 3799 1706 3868 sed
1765 3802 1822 3868 si
1879 3799 2272 3888 adjiciatur,
2326 3815 2422 3892 ut!

242 3899 565 3984 ponenda
604 3913 796 3972 reeta
834 3903 909 3989 in
949 3901 1149 3972 datae
1192 3903 1476 3988 alicuius
1516 3921 1754 3976 rectae
1784 3909 2246 3980 directionem
2288 3933 2406 3980 ca·
2513 3918 2524 3942 '
