2838 4673
426 246 573 322 356
627 244 821 323 car.
848 241 983 320 IX.
1024 241 1165 320 Ad
1195 242 1496 345 Theon·
1514 241 1584 321 J.
1614 239 1856 320 Elem.
1882 215 2570 348 ejusquexco'nsect‘.

358 535 379 550 „
430 469 529 536 bit
574 426 688 536 exi
682 467 763 534 D
812 463 913 534 ad
942 474 1001 537 Α
1046 463 1099 533 C
1158 424 1452 534 ductam-5
1493 460 1858 545 aequalem
1879 463 1940 530 D
1977 461 2102 556 F,
2129 481 2302 534 eam
2327 481 2573 550 nempe

340 597 346 602 ·
431 599 603 665 quae
666 575 751 643 ad
807 572 1093 643 altetum
1150 575 1658 650 intersectionis
1718 582 2046 654 punctum
2111 568 2419 674 ducitpg:
2505 569 2580 644 id

432 685 613 772 quod
668 684 1109 768 consequitur
1165 705 1257 754 ex
1310 678 1734 762 Corollariis
1755 678 1880 753 Et
1906 677 2023 772 1,-
2039 687 2136 790 ι9.
2201 679 2576 762 subjunctis
2639 734 2647 738 ,

434 803 535 880 (v.
568 795 927 868 Chrest.
973 813 1251 886 geom.
1294 812 1361 876 p.
1407 795 1614 875 312..)
1959 853 1998 864 ,,

596 904 787 974 Haec
826 915 905 972 ut
944 923 1101 992 cum
1141 898 1261 984 iis,
1304 919 1475 984 quae
1518 919 1724 983 supra
1753 898 2134 981 genet-,atim
2167 894 2350 969 dieta
2376 873 2573 982 sunt,

264 1069 269 1084 .
340 1061 347 1064 -
440 1020 964 1114 ‘compauent'urt
1026 1029 1203 1094 pone
1247 1030 1371 1092 pro
1421 1030 1526 1094 eo,-
1574 1006 1751 1092 quod
1791 998 1930 1076 illic
1972 1007 2284 1082 diximus
2307 1010 2396 1100 A,
2443 1005 2576 1076 duo

439 1120 780 1204 triangula
821 1117 1143 1206 habentia
1183 1116 1399 1188 latera
1441 1117 1576 1184 duo
1619 1115 1882 1189 duobus
1927 1115 2230 1202 aequalia
2261 1128 2334 1186 et
2367 1136 2582 1198 angu-

440 1230 578 1300 lum
640 1227 1209 1336 comprehensum
1265 1222 1664 1313 aequ-alem
1717 1248 1846 1310 pro
1885 1225 1940 1294 B
1998 1247 2216 1313 vero,
2261 1218 2584 1304 habentia

446 1340 617 1422 latus
660 1335 895 1422 lateri,
938 1348 1009 1406 et
1048 1323 1239 1410 basin
1282 1335 1456 1404 bati
1475 1347 1544 1408 et
1585 1329 1906 1416 angulani
1951 1333 2240 1421 angulo,
2283 1334 2394 1419 qui
2437 1334 2584 1404 basi

444 1448 844 1534 opponitur,
908 1443 1235 1530 aequalia.
1337 1445 1469 1512 Hie
1513 1445 1697 1512 omni
1737 1441 2009 1544 quidem
2049 1446 2116 1512 A
2159 1451 2582 1530 consequens

446 1569 552 1628 est
592 1557 689 1647 133
752 1554 875 1627 sed
911 1577 1051 1626 ιιοιι
1091 1555 1276 1625 οιιιιιί
1318 1552 1371 1622 Β
1418 1572 1843 1638 consequens
1887 1562 1972 1628 A.
2015 1621 2020 1629 ,

1367 1805 1435 1889 §-
1512 1805 1662 1872 ³³⁸.
1951 1815 1960 1850 ε

612 1961 933 2036 Vicissim
976 1933 1307 2036 accidere
1332 1976 1593 2051 potest,
1656 1967 1718 2034 si
1754 1966 1828 2032 in
1867 1944 2155 2048 Analysi
2208 1962 2588 2052 problema-

447 2075 534 2156 tis
576 2088 942 2161 usurpetur
982 2071 1359 2161 propositio
1425 2096 1564 2142 non
1603 2073 2119 2160 convertibilis,
2177 2087 2253 2144 ut
2286 2097 2442 2167 eam
2482 2098 2592 2146 se·
2615 2063 2628 2090 ⁸

452 2183 781 2269 quendo
760 2209 832 2251 ιιι
876 2182 1440 2266 compositionem
1482 2179 1769 2268 incidas,
1825 2205 1994 2269 quae
2036 2182 2446 2270 problemati
2478 2207 2592 2252 ne-

455 2301 787 2381 quaquam
837 2291 1233 2363 satisfaciat.
1320 2289 1498 2373 Nam
1543 2313 1720 2378 pone
1763 2313 1998 2363 rursus
2043 2315 2196 2367 esse
2239 2285 2369 2363 duo
2410 2305 2492 2384 A,
2534 2292 2591 2361 B

451 2400 645 2489 talia,
708 2414 784 2470 ut
824 2402 1004 2469 omni
1062 2400 1331 2515 quidem
1389 2402 1456 2470 A
1509 2423 1936 2488 consequens
1997 2404 2086 2477 sit
2129 2403 2212 2485 B,
2270 2402 2391 2475 sed
2451 2426 2593 2474 non

452 2511 755 2587 vicissim
796 2510 979 2590 omni
1044 2508 1099 2578 B
1165 2532 1591 2609 consequens
1631 2514 1721 2583 sit
1761 2516 1861 2581 A·
1950 2526 2018 2589 et
2067 2510 2417 2633 problema
2469 2516 2595 2601 sit,

364 2624 371 2645 ‘
455 2620 687 2688 facere
728 2620 812 2687 A.
931 2615 1060 2689 Hic
1116 2620 1189 2689 in
1246 2618 1534 2702 Analysi
1592 2620 1697 2693 sic
1742 2617 1920 2689 forte
1981 2625 2328 2707 quisquam
2361 2626 2599 2705 argu-

457 2727 841 2802 men'tetur.
924 2714 1230 2797 Pona'tui'·
1266 2732 1331 2797 A
1372 2728 1670 2820 factum3
1728 2743 1796 2799 et
1838 2725 1968 2797 erit
2002 2728 2080 2800 B.
2165 2730 2299 2800 Sed
2339 2730 2392 2799 B
2439 2754 2598 2814 quo·

455 2836 659 2905 modo
693 2836 1051 2919 efficiatur,
1095 2848 1401 2906 constat:
1451 2862 1617 2939 ergo
1661 2850 1728 2907 et
1769 2836 1979 2921 ipsius
2008 2840 2072 2905 A
2115 2840 2388 2909 effectio
2431 2862 2666 2963 con-‘¹

457 2944 697 3013 stabit.
761 2944 1056 3014 sufficiet
1113 2944 1291 3033 enim
1348 2947 1436 3017 ad
1497 2946 2056 3045 compositionem
2114 2947 2593 3038 promemus,

457 3064 535 3123 ut
576 3051 697 3129 flat
737 3050 833 3143 133
892 3066 964 3123 et
1002 3054 1103 3122 sic
1144 3055 1211 3121 A
1252 3077 1515 3142 quoque
1559 3055 1933 3139 habebitur.
2015 3038 2146 3123 Sed
2201 3054 2272 3124 in
2313 3056 2446 3158 hoc
2491 3082 2599 3139 er-

328 3232 333 3236 ,
457 3164 600 3229 rori
640 3161 831 3231 locus
876 3176 1019 3252 est3
1078 3162 1271 3253 quia,
1328 3164 1485 3233 cum
1525 3186 1662 3262 non
1705 3165 1912 3234 omni
1931 3163 1986 3229 B
2031 3149 2452 3249 consequens
2507 3164 2598 3235 sit
2680 3248 2686 3253 ¹

457 3273 561 3355 A,
619 3269 995 3379 periculum
1038 3286 1183 3360 est,
1239 3295 1327 3341 ne
1369 3271 1532 3340 illud
1575 3272 1795 3369 ipsum
1835 3273 1926 3361 Β,
1989 3272 2167 3358 quod
2212 3274 2282 3341 in
2323 3296 2598 3359 compo-

340 3426 345 3431 ·
458 3372 703 3456 sitione
749 3380 1188 3471 exhibemus,
1255 3403 1347 3451 ex
1386 3380 1470 3448 iis
1512 3379 1638 3469 sit,
1693 3403 1868 3467 quae
1925 3404 2062 3449 non
2121 3362 2371 3470 habent
2417 3405 2599 3465 pon·
2645 3458 2654 3464 ,

456 3512 751 3577 sequens
804 3499 884 3562 A.

515 3684 655 3759 ¹²²9·
708 3706 905 3775 riam
921 3707 991 3774 in
1022 3708 1093 3774 C
1132 3718 1362 3775 sectae
1406 3720 1760 3789 segmento
1802 3710 1868 3776 A
1897 3708 1951 3777 C
1990 3708 2260 3777 insistat
2301 3708 2600 3793 triangu-

524 3774 647 3839 1393
709 3811 849 3883 lum
890 3822 949 3885 A
994 3814 1048 3883 C
1090 3814 1189 3904 D,
1260 3827 1331 3883 et
1370 3814 1458 3884 ad
1497 3819 1716 3901 ipsam
1755 3818 1839 3939 in
1889 3830 2195 3887 extremo
2253 3816 2306 3885 B
2351 3816 2600 3887 educta

784 3596 1193 3683 Exemplum
1234 3594 1368 3667 hoc
1411 3608 1580 3681 esto.
1665 3596 1882 3667 Datae
1927 3611 2154 3668 lectae
2194 3603 2283 3669 A
2303 3575 2382 3671 Β,
2423 3598 2598 3677 bifa-
2619 3560 2656 3636 ['
2721 3598 2728 3606 '

2747 5 2798 228 1
