2838 4673
316 379 320 389 ,
410 263 515 382 88
550 266 746 340 Cap.
778 256 1093 383 III-fix·
1132 259 1658 340 Thwremate
1678 265 1944 366 primo
1968 239 2574 339 Elementorum

416 477 498 557 'ra
554 488 625 559 in
682 483 1009 554 alterutro
1072 487 1278 554 sumti
1332 473 1684 568 segmenti'
1731 469 2044 556 extremo
2101 482 2398 570 aequalis
2447 486 2578 555 toti
2636 505 2643 517 ’

416 609 689 680 rectae,
754 596 889 664 sub*
942 595 1335 680 aequalibus
1398 591 1664 691 angulis
1683 625 1714 674 ,·
1789 614 2116 678 eoquem
2144 595 2360 678 'prior
2417 615 2578 664 eum

360 689 365 694 ⁶
415 719 610 780 recta
670 704 861 773 initio
927 703 1145 791 dicta,
1208 718 1279 778 et
1335 711 1536 788 quem
1589 704 1932 788 posterior
1993 725 2181 771 cum.
2215 717 2576 786 segmento

417 827 641 912 sumto
684 813 893 884 facit:
959 827 1192 904 rectae
1228 796 1460 900 duae,
1529 835 1699 920 quae
1745 835 1784 880 a
1847 813 2096 902 prioris
2137 809 2573 884 ‘'constitutae

322 913 343 940 ἃ
414 926 707 994 termino
738 922 823 990 ad
853 921 1186 1008 reliquum
1228 927 1435 994 totius
1462 915 1696 991 reetae
1740 935 2150 1014 extremum,
2197 945 2501 1008 quaeque
2531 943 2575 991 a

287 1035 289 1037 ’
414 1033 845 1122 posterioris
860 1034 1269 1102 constitutae
1316 1033 1613 1102 termino
1652 1032 1736 1100 ad
1773 1031 2112 1131 reliquum
2167 1033 2374 1100 sumti
2417 1053 2576 1116 seg·
2624 1095 2628 1102 .

378 1145 628 1224 ,menti
684 1153 1073 1212 extremum
1080 1141 1512 1254 ducuntur,
1592 1142 1792 1210 inter
1832 1164 1906 1210 se
1971 1139 2288 1226 aequales
2347 1153 2570 1224 erunt,
2634 1204 2642 1210 .

414 1267 485 1322 et
530 1251 833 1340 aequalia
876 1225 1335 1322 terminabunt
1376 1247 1760 1345 triangula,
1789 1261 1890 1317 et
1944 1248 2294 1344 aequales
2322 1251 2574 1320 facient

2677 448 2714 470 up

410 1362 743 1461 angulos,
816 1347 960 1432 tum
1021 1385 1219 1450 quem
1283 1374 1466 1432 tota
1485 1372 1710 1438 reeta,
1791 1380 2122 1446 quemque
2185 1361 2572 1428 constituta
2683 1349 2698 1363 ⁸

411 1473 757 1558 posterior
822 1469 1270 1556 sumendum,
1328 1485 1480 1540 tum
1523 1450 1727 1557 quem
1769 1480 2200 1552 segmentum
2243 1480 2566 1559 sumtum,

416 1605 776 1669 quemque
792 1582 1163 1671 constituta
1205 1583 1395 1666 prior
1439 1578 1874 1651 subtendunt.
1939 1616 1947 1622 ·
2123 1599 2126 1602 ’

792 1691 918 1760 Sit
966 1703 1159 1758 recta
1201 1691 1566 1761 terminata
1609 1683 1805 1758 ΑΒ
1787 1711 1856 1754 ιιι
1899 1699 2159 1771 puncto
2193 1689 2263 1758 C
2304 1701 2571 1756 utcum-

452 1765 602 1930 {29
659 1822 788 1886 que
844 1813 1071 1880 secta,
1141 1811 1210 1870 et
1265 1801 1412 1906 ejus
1466 1805 1900 1884 segmentum
1959 1799 2026 1864 A
2059 1797 2148 1866 C:
2180 1809 2320 1866 et
2337 1809 2568 1866 rectae

430 1971 558 2010 α,-
576 1952 637 2008 d
654 1909 925 1993 quidem
968 1912 1032 1976 A
1062 1907 1115 1974 B
1158 1902 1467 1988 sumatur
1511 1921 1628 1976 aut
1657 1922 2042 1978 extremum
2083 1903 2148 1974 A
2191 1919 2309 1974 aut
2339 1918 2569 1976 ext-re-

650 2036 837 2086 ιιιιιιιι
895 2015 991 2101 Β,
1056 2019 1401 2098 segmenti
1455 2037 1623 2085 vero
1695 2025 1756 2092 Α,
1785 2015 1839 2086 G
1883 2027 2189 2090 sumatur
2265 2027 2384 2084 aut
2445 2034 2567 2088 ex-

412 2143 708 2204 tremum
748 2129 817 2200 A
859 2134 976 2241 a‘ut
1017 2137 1403 2199 extremum
1446 2125 1522 2196 C.

1342 2354 1402 2435 §-
1491 2354 1634 2481 ιιι.

816 2575 1008 2644 cas
1046 2566 1101 2636 1.
1148 2566 1217 2635 si
1259 2578 1491 2638 rectae
1533 2568 1685 2635 ΑΒ
1715 2580 2098 2638 extremum
2136 2568 2240 2655 A,
2298 2579 2369 2637 et
2405 2542 2560 2651 seg-

368 2673 375 2681 *
444 2640 615 2797 ἕῳ
653 2674 863 2747 menti
901 2679 981 2747 A
1001 2676 1055 2746 C
1096 2676 1261 2745 item
1306 2682 1692 2744 extremum
1733 2678 1799 2745 A
1843 2690 2180 2763 sumatur,
2225 2689 2297 2745 et
2337 2679 2410 2744 in
2450 2698 2562 2745 re-

515 2752 615 2809 'a'

399 2908 769 2981 'segmento
816 2896 881 2962 A
914 2893 1012 2964 C.
1056 2896 1131 2963 in
1170 2898 1509 2979 segmenti
1551 2899 1625 2964 A
1643 2898 1698 2967 G
1753 2909 2064 2965 extremo
2107 2896 2354 2966 eodem
2387 2918 2561 2979 pun-

397 3014 526 3074 'cto
568 3006 633 3073 A
689 3007 1059 3074 constituta
1118 3005 1339 3089 primo
1392 3016 1584 3078 reeta
1643 3007 1768 3077 sub
1799 3006 2071 3101 angulo
2122 3007 2246 3076 isti
2297 3002 2558 3089 aequali

319 3174 327 3195 ,
410 3113 501 3183 ad
555 3096 831 3183 easdem
890 3126 1161 3199 partes,
1207 3113 1341 3185 hoe
1387 3128 1526 3203 est,
1575 3116 1836 3201 eodem,
1881 3116 2256 3187 secundum
2296 3125 2560 3183 rectam

408 3222 475 3290 A
504 3222 565 3321 D
614 3222 857 3311 cadet,
917 3225 1137 3309 sitque
1182 3229 1246 3293 A
1278 3226 1340 3295 E
1402 3220 1698 3313 aequalis
1755 3231 1819 3298 A
1849 3226 1923 3295 B.
2019 3229 2310 3296 Junctae
2351 3225 2562 3305 igitur

406 3312 468 3401 D
505 3330 555 3427 Β
616 3342 688 3399 et
726 3328 787 3397 E
816 3331 871 3402 G
915 3332 1229 3420 aequales
1292 3348 1530 3421 erunt,
1595 3346 1666 3407 et
1709 3337 2166 3433 terminabunt
2221 3332 2562 3424 triangula

403 3440 468 3507 A
502 3419 559 3507 1')
591 3439 687 3517 B,
730 3440 797 3505 A
828 3438 887 3509 E
912 3440 966 3509 C
1012 3442 1370 3529 aequalia,
1398 3456 1470 3513 et
1506 3444 1763 3513 facient
1804 3446 2126 3529 angulum
2179 3444 2394 3513 ADB
2442 3466 2562 3513 an-

371 3548 567 3631 >gulo
610 3552 677 3617 A
706 3550 764 3619 C
791 3548 853 3621 E
891 3550 1283 3642 aequalem,
1357 3557 1527 3638 quo's
1592 3553 2047 3631 subtendunt
2064 3568 2254 3623 reeta
2292 3554 2374 3622 A
2392 3552 2447 3620 B
2491 3564 2570 3622 et

404 3659 818 3729 constituta
846 3662 1190 3743 posterior
1250 3660 1432 3751 AE3
1503 3674 1572 3731 et
1629 3662 1952 3745 angulum
2003 3662 2070 3730 A
2101 3662 2162 3729 E
2195 3662 2252 3729 C
2309 3660 2558 3745 angulo

346 3764 475 3845 [Α
498 3765 637 3833 BD
698 3766 1087 3865 aequalem,
1148 3792 1317 3855 quos
1360 3771 1777 3845 subtendunt
1827 3772 2258 3862 segmentum
2303 3772 2446 3844 Ac
2489 3784 2560 3843 et

418 3874 788 4002 constituta
828 3878 1017 3963 prior
1058 3879 1143 3990 A
1153 3878 1265 3955 D..-
2009 3928 2015 3936 ·
2089 3922 2092 3929 ·

1801 3974 1832 3987 ..e

652 2798 722 2855 et
726 2808 804 2857 ae
863 2789 949 2853 A
960 2786 1013 2874 B
1060 2798 1404 2855 extremo
1433 2788 1500 2853 A
1553 2788 2006 2855 constituatur
2059 2788 2126 2856 A
2157 2788 2214 2855 D
2262 2786 2560 2871 aequalis
2609 2804 2630 2826 ‘⁸
