2838 4673
636 321 643 329 .
761 234 1171 336 contrarie
1245 281 1660 344 conver-sa.
1698 261 1897 378 alia.
2069 309 2080 318 ·
2230 263 2369 344 θαι

220 411 660 440 --.--....,...

229 476 433 561 gula:
512 499 602 548 ex
655 481 1029 564 segmentis
1043 525 1059 540 -.
1072 503 1348 550 crurum
1388 495 1598 551 unum
1640 482 1757 550 uni
1803 479 2156 568 inaequale
2197 485 2366 573 erit,

114 689 121 693 ·
230 588 411 673 quod
455 586 607 658 illis
634 587 1020 673 aequalibus
1064 588 1329 672 angulis
1382 591 1670 674 adjacet.

392 697 630 767 Paullo
676 697 871 768 aliter
923 699 1051 809 sie
1086 700 1615 772 enuntiabuntur
1661 701 2020 787 proposita
2077 700 2202 770 sub
2229 702 2366 781 ..No

228 801 331 882 4⁰0,
665 873 666 876 ,
1501 821 1516 869 9

353 814 536 988 Si·-
534 940 613 986 a
642 903 901 987 duabus
966 921 1173 994 rectis
1246 915 1569 1004 angulum
1641 880 2370 1004 comprehendentibus

230 1025 535 1095 abscissa
589 1025 747 1096 inde
806 1027 888 1095 ab
934 1027 1111 1099 illius
1152 1025 1409 1097 vertice
1453 1029 1591 1098 sint
1631 1040 1984 1112 segmenta
2023 1029 2371 1120 aequalia,

232 1147 305 1202 et
344 1137 425 1207 ab
468 1135 709 1204 horum
756 1139 1085 1208 extremis
1143 1141 1323 1206 intra
1352 1133 1568 1208 'illum
1621 1137 1944 1228 angulum
2001 1140 2086 1208 ad
2143 1151 2370 1209 rectas

115 1284 120 1292 ·
228 1241 381 1317 illas
427 1244 735 1316 alternas·
766 1245 1011 1314 ductae
1052 1260 1286 1318 rectae
1338 1333 1343 1339 ι
1723 1279 1728 1285 “
1893 1245 2004 1318 vel
2048 1250 2370 1334 inaequa-

31 1411 34 1414 .
102 1434 108 1440 ‚
229 1351 329 1422 les
370 1355 508 1423 sint
549 1356 731 1423 inter
771 1376 847 1424 se
866 1375 921 1440 ,¹
980 1369 987 1374 ’
1553 1365 1558 1380 ⁴
1911 1356 2022 1425 vel
2083 1357 2369 1442 angulos

228 1482 383 1530 oum
458 1466 627 1548 ipsis
687 1463 948 1533 faciant
1009 1463 1446 1550 inaequales:
1525 1483 1646 1533 eae
1709 1457 2062 1547 segmenta
2125 1465 2370 1536 harum
2432 1543 2437 1549 ,

229 1573 630 1640 abscindent
669 1572 1049 1656 inaequalia
1068 1578 1102 1660 ,²
1155 1588 1224 1644 et
1282 1571 1620 1657 triangula
1677 1557 2130 1642 terminabunt
2179 1575 2368 1643 inae·

226 1678 490 1769 qualia,
548 1692 618 1748 et
667 1678 755 1747 ad
810 1691 1169 1778 segmenta
1224 1679 1526 1752 abscissa
1579 1680 1884 1766 aequalia
1921 1681 2366 1767 inaequaliter
2469 1741 2472 1743 Α

226 1786 591 1860 inclinatae
636 1799 858 1859 erunt.

1080 1941 1221 2060 5.
1293 1978 1443 2046 330

380 2109 655 2177 Rursus
716 2103 971 2192 aliquot
1028 2069 1385 2190 negativas
1462 2105 1968 2210 subjungimus:

306 2217 891 2302 P10pos1t10
980 2217 1235 2286 Rectae
1289 2216 1510 2286 eidem
1561 2217 1632 2284 in
1689 2239 1824 2286 uno
1869 2203 2198 2288 extremo
2222 2171 2361 2288 ter·-

223 2325 517 2395 minatae
562 2325 649 2397 ad
690 2325 1026 2395 easdem
1008 2328 1220 2410 ipsius
1260 2335 1492 2409 partes
1539 2347 1676 2396 non
1721 2340 2010 2421 possunt
2045 2329 2360 2399 insistere

222 2436 357 2503 duo
420 2416 757 2518 triangula
819 2435 1012 2503 basin
1053 2432 1325 2521 quidem
1367 2434 1684 2503 habentia
1737 2436 1808 2505 in
1863 2435 1980 2505 illa
2036 2449 2228 2506 recta
2269 2438 2364 2507 si-

226 2556 362 2612 tam
405 2558 489 2627 et
539 2543 721 2611 dicto
778 2554 1091 2611 extremo
1146 2544 1606 2626 adjacentem,
1665 2542 1840 2618 latus
1895 2556 2119 2614 autern
2161 2544 2360 2613 lateri

174 2712 180 2717 .
224 2650 545 2753 aequale,
611 2665 775 2735 tam
790 2652 969 2739 quod
1028 2650 1213 2723 dicto
1268 2665 1580 2722 extremo
1639 2652 1942 2736 adiacet,
2005 2677 2206 2753 quam
2246 2675 2360 2722 re-

226 2748 481 2847 liquum
556 2756 815 2845 reliquo
839 2810 859 2849 ,
934 2774 1005 2833 et
1076 2760 1397 2845 angulum
1459 2761 1708 2846 angulo
1783 2760 2169 2850 aequalem,
2245 2759 2360 2849 qui

225 2874 307 2941 ab
352 2869 481 2939 illis
523 2867 845 2961 lateribus
896 2862 1519 2955 comprehenditur.

388 2954 673 3047 Casus
740 2977 947 3047 habet
1002 2978 1239 3061 duos:
1328 3001 1614 3067 quorum
1668 2980 1857 3064 prior
1915 2992 2065 3069 est,
2129 2992 2241 3049 ut
2264 2980 2356 3051 sit
2419 2978 2424 2984 ’

222 3079 463 3158 ⁴eadem
514 3087 728 3172 basis,
798 3078 1233 3169 segmentum
1286 3112 1517 3159 ιιιιιιιιι
1553 3088 1736 3156 dicto
1793 3101 2102 3187 extremo
2177 3090 2356 3173 adia-

222 3218 414 3267 cens:
475 3194 668 3282 alter,
711 3207 788 3264 ut
830 3195 1139 3267 diversae
1182 3201 1382 3269 bases
1423 3196 1594 3301 sint,
1639 3210 1996 3285 segmenta
2034 3197 2169 3293 duo
2212 3199 2356 3269 die-

222 3318 293 3375 to
338 3319 650 3375 extremo
691 3306 1095 3387 adjacentia.

386 3418 564 3487 Cas,
616 3416 671 3487 1.
718 3418 1081 3500 separatim
1122 3416 1225 3485 sie
1266 3414 1760 3489 enuntiabitur:
1830 3416 2082 3505 Rectae
2125 3414 2353 3491 eidem
2465 3476 2470 3481 .
2513 3479 2518 3485 .

222 3526 626 3595 terminatae
682 3546 821 3595 non
878 3537 1165 3611 possunt
1220 3539 1296 3596 ut
1356 3525 1500 3595 basi
1562 3526 1878 3595 insistere
1936 3526 2018 3593 ad
2079 3522 2356 3595 easdem

220 3646 449 3723 partes
494 3631 628 3701 duo
671 3632 1044 3717 triangula,
1104 3655 1274 3720 quae
1307 3632 1602 3703 habeant
1637 3633 1849 3703 latera
1892 3632 2134 3702 iisdem
2172 3631 2350 3705 iuius

110 3754 115 3759 ’
220 3744 547 3813 extremis
592 3741 1010 3833 adjacentia,
1081 3742 1364 3813 alterum
1418 3741 1656 3821 alteri,
1721 3740 2058 3833 aequalia,
2119 3754 2191 3811 et
2233 3764 2354 3812 an-

215 3851 453 3935 gulum
496 3840 745 3935 angulo
800 3837 1185 3939 aequalem,
1262 3852 1377 3939 qui
1412 3848 1548 3923 illis
1589 3822 2240 3947 comprehenditur.
2286 3892 2328 3945 ,ξ

1719 3967 1805 4028 22
