2838 4673
32 1408 35 1425 -
33 1384 36 1391 -
32 792 53 1365 ----·--Ἷ------------.-------.-.--..-ὁ
32 602 49 773 νψ--ψ-α-

66 642 73 652 .

37 2713 39 2718 -
32 2172 46 2704 *tw—*W*

42 3909 49 3964 ἰ

42 4037 199 4524 l·

254 1842 468 1911 haec:
546 1904 555 1915 ,

604 281 624 325 ·,
732 227 1378 324 demonstranda
1419 224 1950 328 problemata.
1991 210 2050 323 ¹*
2155 226 2164 237 ’
2256 235 2392 325 ¹57
2515 327 2520 341 ,

388 453 695 521 Dentur
736 450 1011 535 eadem,
1069 470 1239 534 quae
1283 452 1511 533 prius:
1595 463 1664 518 et
1707 462 2024 534 oporteat
2064 474 2154 523 ex
2177 454 2250 523 C
2293 456 2390 525 al·
2457 494 2466 501 ·

78 586 92 614 ¹
199 598 202 603 ·
258 574 411 631 tero
457 561 639 629 basis
705 567 1013 627 extremo
1076 570 1339 627 rectam
1396 531 1689 643 ducere,
1778 543 1956 644 quie.
2005 560 2090 629 ad
2163 566 2380 642 cruris
2501 641 2506 648 1

144 670 151 675 ’
192 664 557 755 *oppositi
599 670 660 735 A
687 668 743 735 Β
784 677 1214 749 segmentum
1244 668 1490 737 vertici
1525 670 1587 735 A
1619 666 1937 749 adjacens
1967 670 2236 755 abipsa
2275 675 2395 743 ab·
2434 715 2438 719 -
2511 716 2546 741 ..
2635 704 2638 707 ·

258 783 560 851 scissum
600 774 959 844 inclinetur
1001 774 1251 857 angulo
1288 770 1558 861 aequali
1603 768 1854 858 ang'ulo
1894 780 1960 846 A
1995 780 2056 847 D
2085 792 2161 851 Β.
2215 788 2220 795 ’
2358 852 2363 858 ,

464 888 649 956 Haec
707 896 993 971 quatuor
1024 882 1478 975 ‘problemata
1541 886 1957 972 efficiuntur,
2002 888 2306 963 abscisso
2347 906 2390 966 α’
2441 930 2444 935 -

246 996 465 1065 'crure
500 997 570 1064 -A
609 995 685 1063 Β
707 1005 1063 1075 segmento
1102 994 1168 1060 A
1202 990 1263 1059 Ε
1306 991 1568 1077 aequali
1619 1002 1676 1065 A
1721 1006 1822 1077 D,
1867 996 2224 1093 jungendo
2276 1027 2394 1074 re..

236 1115 441 1200 'ctam
475 1104 527 1171 C
558 1115 648 1175 Ε.
698 1123 778 1170 ea
823 1105 1003 1169 enim
1047 1114 1119 1170 et
1160 1093 1458 1187 aequalis
1487 1104 1633 1171 erit
1666 1109 1723 1175 B
1767 1097 1968 1197 Ι),ἐι
2010 1108 2398 1184 terminabit

256 1212 669 1295 triangulum
712 1218 769 1279 A
815 1211 869 1279 C
907 1221 965 1280 E
1008 1208 1284 1295 aequale
1330 1196 1670 1295 triangulo
1716 1220 1772 1283 A
1815 1210 1880 1280 Β
1912 1224 1974 1285 D
2003 1262 2026 1300 ,
2071 1230 2141 1285 et
2181 1220 2389 1293 faciet

178 1308 188 1337 ¹
254 1306 577 1405 angulum
618 1320 751 1389 AC
793 1318 851 1387 E
894 1318 1171 1410 angulo·
1184 1328 1244 1393 A
1272 1332 1333 1393 B
1358 1315 1446 1409 D,
1490 1332 1558 1390 et
1587 1320 1917 1404 angulum
1951 1324 2025 1393 A
2065 1324 2126 1394 E
2169 1329 2224 1397 C
2266 1352 2386 1401 aen-
2439 1352 2445 1361 ¹

129 1500 135 1508 .
246 1432 414 1519 ,gulo
457 1434 523 1501 A
554 1431 615 1501 D
653 1429 706 1495 Β
750 1424 1119 1558 aequalem.
1226 1440 1242 1451 ‘

316 1643 331 1665 s
1010 1668 1016 1672 ,
1195 1558 1255 1679 5.
1284 1596 1481 1669 1.93

329 1764 333 1769 -
414 1726 736 1801 Similiter
790 1724 1229 1855 Tlieoremati
1289 1722 1492 1794 XLII
1541 1728 1632 1813 (5,
1677 1728 1820 1815 79.)
1871 1662 2388 1837 respondebunt

418 1948 527 2015 Pr
549 1946 644 2012 ob
665 1938 873 2011 leina
925 1942 1250 2025 LXXIII.
1345 1926 1524 2013 Dato
1580 1902 1924 2031 triangulo
1959 1948 2379 2047 (ᾳεᾳιιιοιιιιι,

257 2068 327 2126 e't
367 2068 555 2124 recta
599 2076 687 2123 ex
728 2075 863 2121 uno
911 2053 1100 2127 basis,
1144 2054 1288 2133 ejus
1344 2065 1656 2127 extremo
1687 2052 1808 2121 ad
1851 2058 2070 2133 cruris
2109 2067 2386 2147 ,opposi-

254 2169 306 2235 ti
336 2156 523 2233 infra
566 2163 781 2229 basim
824 2163 1403 2249 continuationem
1447 2161 1691 2229 ducta.
1737 2176 2051 2246 oporteat
2093 2188 2181 2237 ex
2221 2172 2380 2243 reli·
2481 2220 2487 2227 .

257 2298 387 2361 quo
446 2272 626 2344 basis
684 2283 995 2352 extremo
1063 2268 1185 2338 ad
1203 2267 1446 2357 reliqui
1519 2268 1738 2340 cruris
1799 2272 2464 2414 continuatio*neni„¹
2553 2367 2560 2374 ¹
2649 2270 2652 2285 ¹

254 2385 503 2455 ducere
549 2385 807 2464 rectam
847 2381 1061 2464 priori
1104 2377 1349 2446 ductae
1393 2377 1769 2464 aequalem.

416 2491 667 2558 Datum'
712 2491 801 2556 sit
850 2486 1261 2568 triangulum
1304 2487 1659 2569 aequicrus
1713 2488 1779 2557 A
1835 2483 1890 2557 B
1934 2490 2030 2582 03
2077 2508 2147 2565 et

247 2613 441 2687 recta
462 2599 512 2664 B
538 2597 593 2664 D
614 2617 703 2664 ex
727 2597 905 2666 basis
924 2587 1318 2664 extremo-B
1348 2593 1434 2662 ad
1467 2593 1708 2680 reliqui
1737 2598 1956 2665 cruris
1985 2603 2048 2668 A
2075 2606 2130 2670 G

248 2698 821 2786 continuationem
871 2706 1050 2774 infra
1094 2704 1313 2774 basim
1360 2691 1613 2772 factarn
1640 2703 1880 2781 ducta:
1927 2729 2127 2794 opor..

2183 2570 2328 2652 Fiq.

2195 2669 2282 2720 85.

123 2885 129 2890 ,
250 2826 392 2885 teat
422 2834 511 2896 ex
552 2813 805 2898 reliquo
830 2815 1009 2885 basis
1033 2825 1344 2882 extremo
1370 2814 1424 2881 C
1448 2814 1534 2883 ad
1555 2811 1796 2898 reliqui
1815 2815 2034 2888 cruris⁸
2055 2822 2188 2892 AB
2217 2844 2386 2898 con·
2471 2887 2479 2901 .

246 2920 689 3010 tinuationem
713 2923 961 2992 ducere
987 2935 1249 2994 rectam
1286 2921 1500 3005 priori
1543 2920 1798 2992 ductae
1827 2923 1964 3016 BD
2008 2919 2376 3017 aequ-alen».
2566 3009 2574 3020 ‚

187 3014 188 3024 ¹
344 3019 347 3022 ⁴
422 3031 898 3100 Problema
941 3029 1266 3124 LXXlV.
1354 3029 1548 3098 Datis
1591 3029 1885 3104 iisdem·
1935 3050 2246 3120 oporteat
2287 3064 2379 3114 ex
2441 3055 2472 3126 f
2555 3028 2565 3041 ‘

250 3137 506 3226 reliquo
556 3141 736 3209 basis
779 3149 1087 3206 extremo
1134 3138 1219 3205 ad
1259 3134 1501 3220 reliqui
1537 3139 1757 3208 cruris·
1801 3144 2379 3224 continuationem
2458 3215 2462 3220 .
2501 3139 2506 3142 ’
2561 3147 2567 3152 ’

255 3249 504 3335 ducere
546 3263 845 3332 rectam,
892 3265 1061 3329 quae
1102 3244 1514 3332 triangulum
1555 3247 1876 3315 terminet
1903 3252 2143 3322 vertici
2168 3259 2381 3328 trian-

233 3341 398 3440 [guli
466 3357 606 3425 dati
630 3357 1014 3448 adiacens’,
1061 3352 1335 3438 aequale
1380 3355 1484 3442 ei,
1533 3351 1710 3438 quod
1756 3353 1946 3440 prior
1987 3357 2196 3434 ducta
2238 3379 2386 3438 ter-

251 3467 463 3546 minat
504 3449 723 3533 eidem
766 3463 1011 3531 vertici
1050 3462 1390 3542 arbacen&

414 3574 679 3644 Dentur.
724 3565 984 3654 eadem,
1033 3591 1201 3654 quae
1243 3570 1469 3653 prius:
1515 3583 1583 3638 et
1617 3583 1937 3654 oporteat
1977 3597 2068 3646 ex
2109 3580 2367 3670 reliquo

212 3759 217 3766 ,
251 3683 430 3752 basis
476 3679 783 3752 extremo
816 3680 881 3750 C
924 3679 1009 3748 ad
1051 3677 1289 3764 reliqui
1326 3678 1544 3748 cruris
1585 3682 1674 3748 A
1695 3680 1749 3748 B
1793 3683 2368 3766 continuationem

250 3792 501 3868 ducere
554 3805 856 3877 rec-tam,
934 3809 1105 3875 quae
1164 3788 1574 3869 triangulum
1622 3793 1942 3862 terminet
1997 3800 2236 3912 vertici
2299 3807 2366 3878 A
2441 3865 2446 3868 .

222 3902 612 3993 adjacens,
658 3896 933 3985 aequale
976 3881 1315 3978 triangulo
1359 3897 1423 3965 A
1457 3895 1510 3964 B
1538 3895 1621 3969 D.
